PokerStars Hand #222981976846:  Hold'em No Limit ($0.05/$0.10 USD) - 2021/01/23 20:44:03 ET
Table 'Fabiola II' 6-max Seat #5 is the button
Seat 1: mecha0117 ($19.81 in chips) 
Seat 2: armin75 ($10 in chips) 
Seat 3: JosephO1 ($1.61 in chips) 
Seat 4: handbrake333 ($10.51 in chips) 
Seat 5: xxxbohunxxx ($10 in chips) 
Seat 6: El_Vzla ($10 in chips) 
El_Vzla: posts small blind $0.05
mecha0117: posts big blind $0.10
*** HOLE CARDS ***
armin75: folds 
JosephO1: calls $0.10
handbrake333: raises $0.40 to $0.50
xxxbohunxxx: folds 
El_Vzla: folds 
mecha0117: folds 
JosephO1: calls $0.40
*** FLOP *** [2h 9h 6d]
JosephO1: checks 
handbrake333: checks 
*** TURN *** [2h 9h 6d] [Ah]
JosephO1: checks 
handbrake333: bets $10.01 and is all-in
JosephO1: folds 
Uncalled bet ($10.01) returned to handbrake333
handbrake333 collected $1.10 from pot
handbrake333: doesn't show hand 
*** SUMMARY ***
Total pot $1.15 | Rake $0.05 
Board [2h 9h 6d Ah]
Seat 1: mecha0117 (big blind) folded before Flop
Seat 2: armin75 folded before Flop (didn't bet)
Seat 3: JosephO1 folded on the Turn
Seat 4: handbrake333 collected ($1.10)
Seat 5: xxxbohunxxx (button) folded before Flop (didn't bet)
Seat 6: El_Vzla (small blind) folded before Flop



PokerStars Hand #222981997333:  Hold'em No Limit ($0.05/$0.10 USD) - 2021/01/23 20:44:52 ET
Table 'Fabiola II' 6-max Seat #6 is the button
Seat 1: mecha0117 ($19.71 in chips) 
Seat 2: armin75 ($10 in chips) 
Seat 3: JosephO1 ($1.11 in chips) 
Seat 4: handbrake333 ($11.11 in chips) 
Seat 5: xxxbohunxxx ($10 in chips) 
Seat 6: El_Vzla ($10 in chips) 
mecha0117: posts small blind $0.05
armin75: posts big blind $0.10
*** HOLE CARDS ***
JosephO1: calls $0.10
handbrake333: folds 
xxxbohunxxx: folds 
El_Vzla: folds 
mecha0117: folds 
armin75: checks 
*** FLOP *** [7h 4d 9h]
armin75: checks 
JosephO1: checks 
*** TURN *** [7h 4d 9h] [Qd]
armin75: checks 
JosephO1: checks 
*** RIVER *** [7h 4d 9h Qd] [Kc]
armin75: checks 
JosephO1: checks 
*** SHOW DOWN ***
armin75: shows [3c Kh] (a pair of Kings)
JosephO1: mucks hand 
armin75 collected $0.24 from pot
*** SUMMARY ***
Total pot $0.25 | Rake $0.01 
Board [7h 4d 9h Qd Kc]
Seat 1: mecha0117 (small blind) folded before Flop
Seat 2: armin75 (big blind) showed [3c Kh] and won ($0.24) with a pair of Kings
Seat 3: JosephO1 mucked
Seat 4: handbrake333 folded before Flop (didn't bet)
Seat 5: xxxbohunxxx folded before Flop (didn't bet)
Seat 6: El_Vzla (button) folded before Flop (didn't bet)



PokerStars Hand #222982011189:  Hold'em No Limit ($0.05/$0.10 USD) - 2021/01/23 20:45:26 ET
Table 'Fabiola II' 6-max Seat #1 is the button
Seat 1: mecha0117 ($19.66 in chips) 
Seat 2: armin75 ($10.14 in chips) 
Seat 3: JosephO1 ($1.01 in chips) 
Seat 4: handbrake333 ($11.11 in chips) 
Seat 5: xxxbohunxxx ($10 in chips) 
Seat 6: El_Vzla ($10 in chips) 
armin75: posts small blind $0.05
JosephO1: posts big blind $0.10
*** HOLE CARDS ***
handbrake333: folds 
xxxbohunxxx: raises $0.20 to $0.30
El_Vzla: folds 
mecha0117: folds 
armin75: folds 
JosephO1: raises $0.71 to $1.01 and is all-in
xxxbohunxxx: calls $0.71
*** FLOP *** [Ad Jh 6d]
*** TURN *** [Ad Jh 6d] [3s]
*** RIVER *** [Ad Jh 6d 3s] [Th]
*** SHOW DOWN ***
JosephO1: shows [Ks Kd] (a pair of Kings)
xxxbohunxxx: shows [Td Ts] (three of a kind, Tens)
xxxbohunxxx collected $1.98 from pot
*** SUMMARY ***
Total pot $2.07 | Rake $0.09 
Board [Ad Jh 6d 3s Th]
Seat 1: mecha0117 (button) folded before Flop (didn't bet)
Seat 2: armin75 (small blind) folded before Flop
Seat 3: JosephO1 (big blind) showed [Ks Kd] and lost with a pair of Kings
Seat 4: handbrake333 folded before Flop (didn't bet)
Seat 5: xxxbohunxxx showed [Td Ts] and won ($1.98) with three of a kind, Tens
Seat 6: El_Vzla folded before Flop (didn't bet)



PokerStars Hand #222982022161:  Hold'em No Limit ($0.05/$0.10 USD) - 2021/01/23 20:45:53 ET
Table 'Fabiola II' 6-max Seat #2 is the button
Seat 1: mecha0117 ($19.66 in chips) 
Seat 2: armin75 ($10.09 in chips) 
Seat 4: handbrake333 ($11.11 in chips) 
Seat 5: xxxbohunxxx ($10.97 in chips) 
Seat 6: El_Vzla ($10 in chips) 
handbrake333: posts small blind $0.05
xxxbohunxxx: posts big blind $0.10
*** HOLE CARDS ***
El_Vzla: folds 
mecha0117: folds 
armin75: calls $0.10
handbrake333: calls $0.05
xxxbohunxxx: checks 
*** FLOP *** [6c 5s 6s]
handbrake333: checks 
xxxbohunxxx: checks 
armin75: checks 
*** TURN *** [6c 5s 6s] [8c]
handbrake333: checks 
xxxbohunxxx: checks 
armin75: checks 
*** RIVER *** [6c 5s 6s 8c] [Ac]
handbrake333: checks 
xxxbohunxxx: checks 
armin75: checks 
*** SHOW DOWN ***
handbrake333: shows [Th Qs] (a pair of Sixes)
xxxbohunxxx: mucks hand 
armin75: mucks hand 
handbrake333 collected $0.29 from pot
*** SUMMARY ***
Total pot $0.30 | Rake $0.01 
Board [6c 5s 6s 8c Ac]
Seat 1: mecha0117 folded before Flop (didn't bet)
Seat 2: armin75 (button) mucked
Seat 4: handbrake333 (small blind) showed [Th Qs] and won ($0.29) with a pair of Sixes
Seat 5: xxxbohunxxx (big blind) mucked
Seat 6: El_Vzla folded before Flop (didn't bet)



PokerStars Hand #222982042088:  Hold'em No Limit ($0.05/$0.10 USD) - 2021/01/23 20:46:41 ET
Table 'Fabiola II' 6-max Seat #4 is the button
Seat 1: mecha0117 ($19.66 in chips) 
Seat 2: armin75 ($9.99 in chips) 
Seat 4: handbrake333 ($11.30 in chips) 
Seat 5: xxxbohunxxx ($10.87 in chips) 
Seat 6: El_Vzla ($10 in chips) 
xxxbohunxxx: posts small blind $0.05
El_Vzla: posts big blind $0.10
*** HOLE CARDS ***
mecha0117: folds 
armin75: folds 
handbrake333: folds 
xxxbohunxxx: raises $0.20 to $0.30
El_Vzla: folds 
Uncalled bet ($0.20) returned to xxxbohunxxx
xxxbohunxxx collected $0.20 from pot
xxxbohunxxx: doesn't show hand 
*** SUMMARY ***
Total pot $0.20 | Rake $0 
Seat 1: mecha0117 folded before Flop (didn't bet)
Seat 2: armin75 folded before Flop (didn't bet)
Seat 4: handbrake333 (button) folded before Flop (didn't bet)
Seat 5: xxxbohunxxx (small blind) collected ($0.20)
Seat 6: El_Vzla (big blind) folded before Flop



PokerStars Hand #222982047786:  Hold'em No Limit ($0.05/$0.10 USD) - 2021/01/23 20:46:55 ET
Table 'Fabiola II' 6-max Seat #5 is the button
Seat 1: mecha0117 ($19.66 in chips) 
Seat 2: armin75 ($9.99 in chips) 
Seat 4: handbrake333 ($11.30 in chips) 
Seat 5: xxxbohunxxx ($10.97 in chips) 
Seat 6: El_Vzla ($10 in chips) 
El_Vzla: posts small blind $0.05
mecha0117: posts big blind $0.10
*** HOLE CARDS ***
armin75: folds 
handbrake333: raises $0.20 to $0.30
xxxbohunxxx: folds 
El_Vzla: folds 
mecha0117: folds 
Uncalled bet ($0.20) returned to handbrake333
handbrake333 collected $0.25 from pot
handbrake333: doesn't show hand 
*** SUMMARY ***
Total pot $0.25 | Rake $0 
Seat 1: mecha0117 (big blind) folded before Flop
Seat 2: armin75 folded before Flop (didn't bet)
Seat 4: handbrake333 collected ($0.25)
Seat 5: xxxbohunxxx (button) folded before Flop (didn't bet)
Seat 6: El_Vzla (small blind) folded before Flop



PokerStars Hand #222982053042:  Hold'em No Limit ($0.05/$0.10 USD) - 2021/01/23 20:47:07 ET
Table 'Fabiola II' 6-max Seat #6 is the button
Seat 1: mecha0117 ($19.56 in chips) 
Seat 2: armin75 ($9.99 in chips) 
Seat 4: handbrake333 ($11.45 in chips) 
Seat 5: xxxbohunxxx ($10.97 in chips) 
Seat 6: El_Vzla ($10 in chips) 
mecha0117: posts small blind $0.05
armin75: posts big blind $0.10
*** HOLE CARDS ***
handbrake333: folds 
xxxbohunxxx: raises $0.20 to $0.30
El_Vzla: folds 
mecha0117: folds 
armin75: folds 
Uncalled bet ($0.20) returned to xxxbohunxxx
xxxbohunxxx collected $0.25 from pot
xxxbohunxxx: doesn't show hand 
*** SUMMARY ***
Total pot $0.25 | Rake $0 
Seat 1: mecha0117 (small blind) folded before Flop
Seat 2: armin75 (big blind) folded before Flop
Seat 4: handbrake333 folded before Flop (didn't bet)
Seat 5: xxxbohunxxx collected ($0.25)
Seat 6: El_Vzla (button) folded before Flop (didn't bet)



PokerStars Hand #222982061125:  Hold'em No Limit ($0.05/$0.10 USD) - 2021/01/23 20:47:27 ET
Table 'Fabiola II' 6-max Seat #1 is the button
Seat 1: mecha0117 ($19.51 in chips) 
Seat 2: armin75 ($9.89 in chips) 
Seat 4: handbrake333 ($11.45 in chips) 
Seat 5: xxxbohunxxx ($11.12 in chips) 
Seat 6: El_Vzla ($10 in chips) 
armin75: posts small blind $0.05
handbrake333: posts big blind $0.10
*** HOLE CARDS ***
xxxbohunxxx: folds 
El_Vzla: raises $0.15 to $0.25
mecha0117: raises $0.55 to $0.80
armin75: folds 
handbrake333: folds 
El_Vzla: calls $0.55
*** FLOP *** [Qc As 6h]
El_Vzla: checks 
mecha0117: bets $0.60
El_Vzla: folds 
Uncalled bet ($0.60) returned to mecha0117
mecha0117 collected $1.67 from pot
mecha0117: doesn't show hand 
*** SUMMARY ***
Total pot $1.75 | Rake $0.08 
Board [Qc As 6h]
Seat 1: mecha0117 (button) collected ($1.67)
Seat 2: armin75 (small blind) folded before Flop
Seat 4: handbrake333 (big blind) folded before Flop
Seat 5: xxxbohunxxx folded before Flop (didn't bet)
Seat 6: El_Vzla folded on the Flop



PokerStars Hand #222982076459:  Hold'em No Limit ($0.05/$0.10 USD) - 2021/01/23 20:48:04 ET
Table 'Fabiola II' 6-max Seat #2 is the button
Seat 1: mecha0117 ($20.38 in chips) 
Seat 2: armin75 ($9.84 in chips) 
Seat 4: handbrake333 ($11.35 in chips) 
Seat 5: xxxbohunxxx ($11.12 in chips) 
Seat 6: El_Vzla ($10 in chips) 
handbrake333: posts small blind $0.05
xxxbohunxxx: posts big blind $0.10
*** HOLE CARDS ***
El_Vzla: folds 
mecha0117: raises $0.20 to $0.30
armin75: folds 
handbrake333: folds 
xxxbohunxxx: folds 
Uncalled bet ($0.20) returned to mecha0117
mecha0117 collected $0.25 from pot
mecha0117: doesn't show hand 
*** SUMMARY ***
Total pot $0.25 | Rake $0 
Seat 1: mecha0117 collected ($0.25)
Seat 2: armin75 (button) folded before Flop (didn't bet)
Seat 4: handbrake333 (small blind) folded before Flop
Seat 5: xxxbohunxxx (big blind) folded before Flop
Seat 6: El_Vzla folded before Flop (didn't bet)



PokerStars Hand #222982084132:  Hold'em No Limit ($0.05/$0.10 USD) - 2021/01/23 20:48:23 ET
Table 'Fabiola II' 6-max Seat #4 is the button
Seat 1: mecha0117 ($20.53 in chips) 
Seat 2: armin75 ($9.84 in chips) 
Seat 3: JosephO1 ($10 in chips) 
Seat 4: handbrake333 ($11.30 in chips) 
Seat 5: xxxbohunxxx ($11.02 in chips) 
Seat 6: El_Vzla ($10 in chips) 
xxxbohunxxx: posts small blind $0.05
El_Vzla: posts big blind $0.10
JosephO1: posts small & big blinds $0.15
*** HOLE CARDS ***
mecha0117: folds 
armin75: folds 
JosephO1: checks 
handbrake333: raises $0.15 to $0.25
xxxbohunxxx: calls $0.20
El_Vzla: folds 
JosephO1: calls $0.15
*** FLOP *** [7s Kh 5s]
xxxbohunxxx: checks 
JosephO1: checks 
handbrake333: checks 
*** TURN *** [7s Kh 5s] [Kd]
xxxbohunxxx: checks 
JosephO1: checks 
handbrake333: bets $0.43
xxxbohunxxx: calls $0.43
JosephO1: folds 
*** RIVER *** [7s Kh 5s Kd] [Jc]
xxxbohunxxx: checks 
handbrake333: checks 
*** SHOW DOWN ***
xxxbohunxxx: shows [Js As] (two pair, Kings and Jacks)
handbrake333: mucks hand 
xxxbohunxxx collected $1.68 from pot
*** SUMMARY ***
Total pot $1.76 | Rake $0.08 
Board [7s Kh 5s Kd Jc]
Seat 1: mecha0117 folded before Flop (didn't bet)
Seat 2: armin75 folded before Flop (didn't bet)
Seat 3: JosephO1 folded on the Turn
Seat 4: handbrake333 (button) mucked
Seat 5: xxxbohunxxx (small blind) showed [Js As] and won ($1.68) with two pair, Kings and Jacks
Seat 6: El_Vzla (big blind) folded before Flop



PokerStars Hand #222982114726:  Hold'em No Limit ($0.05/$0.10 USD) - 2021/01/23 20:49:37 ET
Table 'Fabiola II' 6-max Seat #5 is the button
Seat 1: mecha0117 ($20.53 in chips) 
Seat 2: armin75 ($9.84 in chips) 
Seat 3: JosephO1 ($9.70 in chips) 
Seat 4: handbrake333 ($10.62 in chips) 
Seat 5: xxxbohunxxx ($12.02 in chips) 
Seat 6: El_Vzla ($10 in chips) 
El_Vzla: posts small blind $0.05
mecha0117: posts big blind $0.10
*** HOLE CARDS ***
armin75: folds 
JosephO1: calls $0.10
handbrake333: folds 
xxxbohunxxx: folds 
El_Vzla: folds 
mecha0117: raises $0.20 to $0.30
JosephO1: calls $0.20
*** FLOP *** [4s 9c Qh]
mecha0117: bets $0.31
JosephO1: calls $0.31
*** TURN *** [4s 9c Qh] [Kh]
mecha0117: bets $0.80
JosephO1: folds [2s Js]
Uncalled bet ($0.80) returned to mecha0117
mecha0117 collected $1.21 from pot
mecha0117: doesn't show hand 
*** SUMMARY ***
Total pot $1.27 | Rake $0.06 
Board [4s 9c Qh Kh]
Seat 1: mecha0117 (big blind) collected ($1.21)
Seat 2: armin75 folded before Flop (didn't bet)
Seat 3: JosephO1 folded on the Turn
Seat 4: handbrake333 folded before Flop (didn't bet)
Seat 5: xxxbohunxxx (button) folded before Flop (didn't bet)
Seat 6: El_Vzla (small blind) folded before Flop



PokerStars Hand #222982132547:  Hold'em No Limit ($0.05/$0.10 USD) - 2021/01/23 20:50:21 ET
Table 'Fabiola II' 6-max Seat #6 is the button
Seat 1: mecha0117 ($21.13 in chips) 
Seat 2: armin75 ($9.84 in chips) 
Seat 3: JosephO1 ($9.09 in chips) 
Seat 4: handbrake333 ($10.62 in chips) 
Seat 5: xxxbohunxxx ($12.02 in chips) 
Seat 6: El_Vzla ($10 in chips) 
mecha0117: posts small blind $0.05
armin75: posts big blind $0.10
*** HOLE CARDS ***
JosephO1: calls $0.10
handbrake333 has timed out
handbrake333: folds 
xxxbohunxxx: folds 
El_Vzla: folds 
mecha0117: folds 
armin75: raises $0.25 to $0.35
JosephO1: calls $0.25
*** FLOP *** [Ks 7d 6d]
armin75: bets $0.36
JosephO1: calls $0.36
*** TURN *** [Ks 7d 6d] [2c]
armin75: checks 
JosephO1: checks 
*** RIVER *** [Ks 7d 6d 2c] [Ah]
armin75: checks 
JosephO1: checks 
*** SHOW DOWN ***
armin75: shows [Js Jc] (a pair of Jacks)
JosephO1: mucks hand 
armin75 collected $1.40 from pot
*** SUMMARY ***
Total pot $1.47 | Rake $0.07 
Board [Ks 7d 6d 2c Ah]
Seat 1: mecha0117 (small blind) folded before Flop
Seat 2: armin75 (big blind) showed [Js Jc] and won ($1.40) with a pair of Jacks
Seat 3: JosephO1 mucked
Seat 4: handbrake333 folded before Flop (didn't bet)
Seat 5: xxxbohunxxx folded before Flop (didn't bet)
Seat 6: El_Vzla (button) folded before Flop (didn't bet)



PokerStars Hand #222982151093:  Hold'em No Limit ($0.05/$0.10 USD) - 2021/01/23 20:51:07 ET
Table 'Fabiola II' 6-max Seat #1 is the button
Seat 1: mecha0117 ($21.08 in chips) 
Seat 2: armin75 ($10.53 in chips) 
Seat 3: JosephO1 ($8.38 in chips) 
Seat 4: handbrake333 ($10.62 in chips) 
Seat 5: xxxbohunxxx ($12.02 in chips) 
Seat 6: El_Vzla ($10 in chips) 
armin75: posts small blind $0.05
JosephO1: posts big blind $0.10
*** HOLE CARDS ***
handbrake333: folds 
xxxbohunxxx: folds 
El_Vzla: folds 
mecha0117: raises $0.10 to $0.20
armin75: calls $0.15
JosephO1: calls $0.10
*** FLOP *** [6c Qc 7d]
armin75: checks 
JosephO1: checks 
mecha0117: checks 
*** TURN *** [6c Qc 7d] [9d]
armin75: checks 
JosephO1: checks 
mecha0117: checks 
*** RIVER *** [6c Qc 7d 9d] [Kd]
armin75: checks 
JosephO1: checks 
mecha0117: checks 
*** SHOW DOWN ***
armin75: shows [Ad 8c] (high card Ace)
JosephO1: shows [Qs Th] (a pair of Queens)
mecha0117: mucks hand 
JosephO1 collected $0.57 from pot
*** SUMMARY ***
Total pot $0.60 | Rake $0.03 
Board [6c Qc 7d 9d Kd]
Seat 1: mecha0117 (button) mucked
Seat 2: armin75 (small blind) showed [Ad 8c] and lost with high card Ace
Seat 3: JosephO1 (big blind) showed [Qs Th] and won ($0.57) with a pair of Queens
Seat 4: handbrake333 folded before Flop (didn't bet)
Seat 5: xxxbohunxxx folded before Flop (didn't bet)
Seat 6: El_Vzla folded before Flop (didn't bet)



PokerStars Hand #222982166183:  Hold'em No Limit ($0.05/$0.10 USD) - 2021/01/23 20:51:43 ET
Table 'Fabiola II' 6-max Seat #2 is the button
Seat 1: mecha0117 ($20.88 in chips) 
Seat 2: armin75 ($10.33 in chips) 
Seat 3: JosephO1 ($8.75 in chips) 
Seat 4: handbrake333 ($10.62 in chips) 
Seat 5: xxxbohunxxx ($12.02 in chips) 
Seat 6: El_Vzla ($10 in chips) 
JosephO1: posts small blind $0.05
handbrake333: posts big blind $0.10
*** HOLE CARDS ***
xxxbohunxxx: folds 
El_Vzla: folds 
mecha0117: raises $0.20 to $0.30
armin75: folds 
JosephO1: calls $0.25
handbrake333: folds 
*** FLOP *** [Kd 7d Ks]
JosephO1: checks 
mecha0117: bets $0.33
JosephO1: calls $0.33
*** TURN *** [Kd 7d Ks] [Kc]
JosephO1: checks 
mecha0117: checks 
*** RIVER *** [Kd 7d Ks Kc] [Qh]
JosephO1: checks 
mecha0117: checks 
*** SHOW DOWN ***
JosephO1: shows [Ts Js] (three of a kind, Kings)
mecha0117: shows [Tc Ah] (three of a kind, Kings - Ace kicker)
mecha0117 collected $1.30 from pot
*** SUMMARY ***
Total pot $1.36 | Rake $0.06 
Board [Kd 7d Ks Kc Qh]
Seat 1: mecha0117 showed [Tc Ah] and won ($1.30) with three of a kind, Kings
Seat 2: armin75 (button) folded before Flop (didn't bet)
Seat 3: JosephO1 (small blind) showed [Ts Js] and lost with three of a kind, Kings
Seat 4: handbrake333 (big blind) folded before Flop
Seat 5: xxxbohunxxx folded before Flop (didn't bet)
Seat 6: El_Vzla folded before Flop (didn't bet)



PokerStars Hand #222982184593:  Hold'em No Limit ($0.05/$0.10 USD) - 2021/01/23 20:52:28 ET
Table 'Fabiola II' 6-max Seat #3 is the button
Seat 1: mecha0117 ($21.55 in chips) 
Seat 2: armin75 ($10.33 in chips) 
Seat 3: JosephO1 ($8.12 in chips) 
Seat 4: handbrake333 ($10.52 in chips) 
Seat 5: xxxbohunxxx ($12.02 in chips) 
Seat 6: El_Vzla ($10 in chips) 
handbrake333: posts small blind $0.05
xxxbohunxxx: posts big blind $0.10
*** HOLE CARDS ***
El_Vzla: folds 
mecha0117: folds 
armin75: folds 
JosephO1: calls $0.10
handbrake333: calls $0.05
xxxbohunxxx: checks 
*** FLOP *** [8h Qh Ad]
handbrake333: bets $0.22
xxxbohunxxx: folds 
JosephO1: folds 
Uncalled bet ($0.22) returned to handbrake333
handbrake333 collected $0.29 from pot
handbrake333: doesn't show hand 
*** SUMMARY ***
Total pot $0.30 | Rake $0.01 
Board [8h Qh Ad]
Seat 1: mecha0117 folded before Flop (didn't bet)
Seat 2: armin75 folded before Flop (didn't bet)
Seat 3: JosephO1 (button) folded on the Flop
Seat 4: handbrake333 (small blind) collected ($0.29)
Seat 5: xxxbohunxxx (big blind) folded on the Flop
Seat 6: El_Vzla folded before Flop (didn't bet)



PokerStars Hand #222982195298:  Hold'em No Limit ($0.05/$0.10 USD) - 2021/01/23 20:52:55 ET
Table 'Fabiola II' 6-max Seat #4 is the button
Seat 1: mecha0117 ($21.55 in chips) 
Seat 2: armin75 ($10.33 in chips) 
Seat 3: JosephO1 ($8.02 in chips) 
Seat 4: handbrake333 ($10.71 in chips) 
Seat 5: xxxbohunxxx ($11.92 in chips) 
Seat 6: El_Vzla ($10 in chips) 
xxxbohunxxx: posts small blind $0.05
El_Vzla: posts big blind $0.10
*** HOLE CARDS ***
mecha0117: folds 
armin75: raises $0.25 to $0.35
JosephO1: calls $0.35
handbrake333: folds 
xxxbohunxxx: calls $0.30
El_Vzla: folds 
*** FLOP *** [Kh 6s Ks]
xxxbohunxxx: checks 
armin75: checks 
JosephO1: checks 
*** TURN *** [Kh 6s Ks] [4d]
xxxbohunxxx: checks 
armin75: checks 
JosephO1: checks 
*** RIVER *** [Kh 6s Ks 4d] [Ad]
xxxbohunxxx: checks 
armin75: checks 
JosephO1: checks 
*** SHOW DOWN ***
xxxbohunxxx: shows [Jc Jh] (two pair, Kings and Jacks)
armin75: mucks hand 
JosephO1: mucks hand 
xxxbohunxxx collected $1.10 from pot
*** SUMMARY ***
Total pot $1.15 | Rake $0.05 
Board [Kh 6s Ks 4d Ad]
Seat 1: mecha0117 folded before Flop (didn't bet)
Seat 2: armin75 mucked
Seat 3: JosephO1 mucked
Seat 4: handbrake333 (button) folded before Flop (didn't bet)
Seat 5: xxxbohunxxx (small blind) showed [Jc Jh] and won ($1.10) with two pair, Kings and Jacks
Seat 6: El_Vzla (big blind) folded before Flop



PokerStars Hand #222982218010:  Hold'em No Limit ($0.05/$0.10 USD) - 2021/01/23 20:53:51 ET
Table 'Fabiola II' 6-max Seat #5 is the button
Seat 1: mecha0117 ($21.55 in chips) 
Seat 2: armin75 ($9.98 in chips) 
Seat 3: JosephO1 ($7.67 in chips) 
Seat 4: handbrake333 ($10.71 in chips) 
Seat 5: xxxbohunxxx ($12.67 in chips) 
Seat 6: El_Vzla ($10 in chips) 
El_Vzla: posts small blind $0.05
mecha0117: posts big blind $0.10
*** HOLE CARDS ***
armin75: folds 
JosephO1: calls $0.10
handbrake333: folds 
xxxbohunxxx: raises $0.30 to $0.40
El_Vzla: folds 
mecha0117: folds 
JosephO1: calls $0.30
*** FLOP *** [8d Ah 4h]
JosephO1: checks 
xxxbohunxxx: checks 
*** TURN *** [8d Ah 4h] [2s]
JosephO1: checks 
xxxbohunxxx: checks 
*** RIVER *** [8d Ah 4h 2s] [8s]
JosephO1: checks 
xxxbohunxxx: checks 
*** SHOW DOWN ***
JosephO1: shows [4d 5h] (two pair, Eights and Fours)
xxxbohunxxx: mucks hand 
JosephO1 collected $0.91 from pot
*** SUMMARY ***
Total pot $0.95 | Rake $0.04 
Board [8d Ah 4h 2s 8s]
Seat 1: mecha0117 (big blind) folded before Flop
Seat 2: armin75 folded before Flop (didn't bet)
Seat 3: JosephO1 showed [4d 5h] and won ($0.91) with two pair, Eights and Fours
Seat 4: handbrake333 folded before Flop (didn't bet)
Seat 5: xxxbohunxxx (button) mucked
Seat 6: El_Vzla (small blind) folded before Flop



PokerStars Hand #222982240248:  Hold'em No Limit ($0.05/$0.10 USD) - 2021/01/23 20:54:47 ET
Table 'Fabiola II' 6-max Seat #6 is the button
Seat 1: mecha0117 ($21.45 in chips) 
Seat 2: armin75 ($9.98 in chips) 
Seat 3: JosephO1 ($8.18 in chips) 
Seat 4: handbrake333 ($10.71 in chips) 
Seat 5: xxxbohunxxx ($12.27 in chips) 
Seat 6: El_Vzla ($10 in chips) 
mecha0117: posts small blind $0.05
armin75: posts big blind $0.10
*** HOLE CARDS ***
JosephO1: calls $0.10
handbrake333: folds 
xxxbohunxxx: folds 
El_Vzla: folds 
mecha0117: calls $0.05
armin75: checks 
*** FLOP *** [4c Th Qc]
mecha0117: checks 
armin75: checks 
JosephO1: checks 
*** TURN *** [4c Th Qc] [9c]
mecha0117: bets $0.29
armin75: folds 
JosephO1: folds 
Uncalled bet ($0.29) returned to mecha0117
mecha0117 collected $0.29 from pot
mecha0117: doesn't show hand 
*** SUMMARY ***
Total pot $0.30 | Rake $0.01 
Board [4c Th Qc 9c]
Seat 1: mecha0117 (small blind) collected ($0.29)
Seat 2: armin75 (big blind) folded on the Turn
Seat 3: JosephO1 folded on the Turn
Seat 4: handbrake333 folded before Flop (didn't bet)
Seat 5: xxxbohunxxx folded before Flop (didn't bet)
Seat 6: El_Vzla (button) folded before Flop (didn't bet)



PokerStars Hand #222982253352:  Hold'em No Limit ($0.05/$0.10 USD) - 2021/01/23 20:55:21 ET
Table 'Fabiola II' 6-max Seat #1 is the button
Seat 1: mecha0117 ($21.64 in chips) 
Seat 2: armin75 ($9.88 in chips) 
Seat 3: JosephO1 ($8.08 in chips) 
Seat 4: handbrake333 ($10.71 in chips) 
Seat 5: xxxbohunxxx ($12.27 in chips) 
Seat 6: El_Vzla ($10 in chips) 
armin75: posts small blind $0.05
JosephO1: posts big blind $0.10
*** HOLE CARDS ***
handbrake333: folds 
xxxbohunxxx: raises $0.20 to $0.30
El_Vzla: folds 
mecha0117: folds 
armin75: folds 
JosephO1: calls $0.20
*** FLOP *** [4h 3c 3d]
JosephO1: checks 
xxxbohunxxx: bets $0.47
JosephO1: calls $0.47
*** TURN *** [4h 3c 3d] [4s]
JosephO1: checks 
xxxbohunxxx: bets $1.14
JosephO1: folds 
Uncalled bet ($1.14) returned to xxxbohunxxx
xxxbohunxxx collected $1.52 from pot
xxxbohunxxx: doesn't show hand 
*** SUMMARY ***
Total pot $1.59 | Rake $0.07 
Board [4h 3c 3d 4s]
Seat 1: mecha0117 (button) folded before Flop (didn't bet)
Seat 2: armin75 (small blind) folded before Flop
Seat 3: JosephO1 (big blind) folded on the Turn
Seat 4: handbrake333 folded before Flop (didn't bet)
Seat 5: xxxbohunxxx collected ($1.52)
Seat 6: El_Vzla folded before Flop (didn't bet)



PokerStars Hand #222982267794:  Hold'em No Limit ($0.05/$0.10 USD) - 2021/01/23 20:56:07 ET
Table 'Fabiola II' 6-max Seat #2 is the button
Seat 1: mecha0117 ($21.64 in chips) 
Seat 2: armin75 ($9.83 in chips) 
Seat 3: JosephO1 ($7.31 in chips) 
Seat 4: handbrake333 ($10.71 in chips) 
Seat 5: xxxbohunxxx ($13.02 in chips) 
Seat 6: El_Vzla ($10 in chips) 
JosephO1: posts small blind $0.05
handbrake333: posts big blind $0.10
*** HOLE CARDS ***
xxxbohunxxx: folds 
El_Vzla: folds 
mecha0117: folds 
armin75: folds 
JosephO1: calls $0.05
handbrake333: checks 
*** FLOP *** [Qd Ac 2c]
JosephO1: checks 
handbrake333: checks 
*** TURN *** [Qd Ac 2c] [3c]
JosephO1: checks 
handbrake333: checks 
*** RIVER *** [Qd Ac 2c 3c] [Ts]
JosephO1: checks 
handbrake333: checks 
*** SHOW DOWN ***
JosephO1: shows [5c 7h] (high card Ace)
handbrake333: shows [7c Qs] (a pair of Queens)
handbrake333 collected $0.19 from pot
*** SUMMARY ***
Total pot $0.20 | Rake $0.01 
Board [Qd Ac 2c 3c Ts]
Seat 1: mecha0117 folded before Flop (didn't bet)
Seat 2: armin75 (button) folded before Flop (didn't bet)
Seat 3: JosephO1 (small blind) showed [5c 7h] and lost with high card Ace
Seat 4: handbrake333 (big blind) showed [7c Qs] and won ($0.19) with a pair of Queens
Seat 5: xxxbohunxxx folded before Flop (didn't bet)
Seat 6: El_Vzla folded before Flop (didn't bet)



PokerStars Hand #222982283891:  Hold'em No Limit ($0.05/$0.10 USD) - 2021/01/23 20:56:52 ET
Table 'Fabiola II' 6-max Seat #3 is the button
Seat 1: mecha0117 ($21.64 in chips) 
Seat 2: armin75 ($10 in chips) 
Seat 3: JosephO1 ($7.21 in chips) 
Seat 4: handbrake333 ($10.80 in chips) 
Seat 5: xxxbohunxxx ($13.02 in chips) 
Seat 6: El_Vzla ($10 in chips) 
handbrake333: posts small blind $0.05
xxxbohunxxx: posts big blind $0.10
*** HOLE CARDS ***
El_Vzla: folds 
mecha0117: raises $0.10 to $0.20
armin75 has timed out
armin75: folds 
JosephO1: calls $0.20
handbrake333: folds 
xxxbohunxxx: folds 
*** FLOP *** [7h 6c Ts]
mecha0117: checks 
JosephO1: checks 
*** TURN *** [7h 6c Ts] [4s]
mecha0117: bets $0.53
JosephO1: folds 
Uncalled bet ($0.53) returned to mecha0117
mecha0117 collected $0.53 from pot
mecha0117: doesn't show hand 
*** SUMMARY ***
Total pot $0.55 | Rake $0.02 
Board [7h 6c Ts 4s]
Seat 1: mecha0117 collected ($0.53)
Seat 2: armin75 folded before Flop (didn't bet)
Seat 3: JosephO1 (button) folded on the Turn
Seat 4: handbrake333 (small blind) folded before Flop
Seat 5: xxxbohunxxx (big blind) folded before Flop
Seat 6: El_Vzla folded before Flop (didn't bet)



PokerStars Hand #222982301596:  Hold'em No Limit ($0.05/$0.10 USD) - 2021/01/23 20:57:48 ET
Table 'Fabiola II' 6-max Seat #4 is the button
Seat 1: mecha0117 ($21.97 in chips) 
Seat 2: armin75 ($10 in chips) 
Seat 3: JosephO1 ($7.01 in chips) 
Seat 4: handbrake333 ($10.75 in chips) 
Seat 5: xxxbohunxxx ($12.92 in chips) 
Seat 6: El_Vzla ($10 in chips) 
xxxbohunxxx: posts small blind $0.05
El_Vzla: posts big blind $0.10
*** HOLE CARDS ***
mecha0117: folds 
armin75: folds 
JosephO1: calls $0.10
handbrake333: folds 
xxxbohunxxx: raises $0.30 to $0.40
El_Vzla: folds 
JosephO1: calls $0.30
*** FLOP *** [Ks 5c Th]
xxxbohunxxx: bets $0.43
JosephO1: folds 
Uncalled bet ($0.43) returned to xxxbohunxxx
xxxbohunxxx collected $0.86 from pot
xxxbohunxxx: doesn't show hand 
*** SUMMARY ***
Total pot $0.90 | Rake $0.04 
Board [Ks 5c Th]
Seat 1: mecha0117 folded before Flop (didn't bet)
Seat 2: armin75 folded before Flop (didn't bet)
Seat 3: JosephO1 folded on the Flop
Seat 4: handbrake333 (button) folded before Flop (didn't bet)
Seat 5: xxxbohunxxx (small blind) collected ($0.86)
Seat 6: El_Vzla (big blind) folded before Flop



PokerStars Hand #222982313467:  Hold'em No Limit ($0.05/$0.10 USD) - 2021/01/23 20:58:26 ET
Table 'Fabiola II' 6-max Seat #5 is the button
Seat 1: mecha0117 ($21.97 in chips) 
Seat 2: armin75 ($10 in chips) 
Seat 3: JosephO1 ($6.61 in chips) 
Seat 4: handbrake333 ($10.75 in chips) 
Seat 5: xxxbohunxxx ($13.38 in chips) 
Seat 6: El_Vzla ($10 in chips) 
El_Vzla: posts small blind $0.05
mecha0117: posts big blind $0.10
*** HOLE CARDS ***
armin75: raises $0.25 to $0.35
JosephO1: calls $0.35
handbrake333: folds 
xxxbohunxxx: folds 
El_Vzla: folds 
mecha0117: folds 
*** FLOP *** [9s Qc 3s]
armin75: bets $0.41
JosephO1: calls $0.41
*** TURN *** [9s Qc 3s] [4d]
armin75: bets $0.80
JosephO1: calls $0.80
*** RIVER *** [9s Qc 3s 4d] [Qs]
armin75: checks 
JosephO1: checks 
*** SHOW DOWN ***
armin75: shows [8s Ad] (a pair of Queens)
JosephO1: shows [Jd Jh] (two pair, Queens and Jacks)
JosephO1 collected $3.12 from pot
*** SUMMARY ***
Total pot $3.27 | Rake $0.15 
Board [9s Qc 3s 4d Qs]
Seat 1: mecha0117 (big blind) folded before Flop
Seat 2: armin75 showed [8s Ad] and lost with a pair of Queens
Seat 3: JosephO1 showed [Jd Jh] and won ($3.12) with two pair, Queens and Jacks
Seat 4: handbrake333 folded before Flop (didn't bet)
Seat 5: xxxbohunxxx (button) folded before Flop (didn't bet)
Seat 6: El_Vzla (small blind) folded before Flop



PokerStars Hand #222982323023:  Hold'em No Limit ($0.05/$0.10 USD) - 2021/01/23 20:58:56 ET
Table 'Fabiola II' 6-max Seat #6 is the button
Seat 1: mecha0117 ($21.87 in chips) 
Seat 2: armin75 ($8.44 in chips) 
Seat 3: JosephO1 ($8.17 in chips) 
Seat 4: handbrake333 ($10.75 in chips) 
Seat 5: xxxbohunxxx ($13.38 in chips) 
Seat 6: El_Vzla ($10 in chips) 
mecha0117: posts small blind $0.05
armin75: posts big blind $0.10
*** HOLE CARDS ***
JosephO1: calls $0.10
handbrake333: folds 
xxxbohunxxx: folds 
El_Vzla: raises $0.15 to $0.25
mecha0117: folds 
armin75: calls $0.15
JosephO1: calls $0.15
*** FLOP *** [Ad 3d 8h]
armin75: checks 
JosephO1: bets $0.10
El_Vzla: calls $0.10
armin75: calls $0.10
*** TURN *** [Ad 3d 8h] [Jc]
armin75: checks 
JosephO1: checks 
El_Vzla: checks 
*** RIVER *** [Ad 3d 8h Jc] [Ks]
armin75: checks 
JosephO1: bets $0.10
El_Vzla: folds 
armin75: folds 
Uncalled bet ($0.10) returned to JosephO1
JosephO1 collected $1.05 from pot
JosephO1: doesn't show hand 
*** SUMMARY ***
Total pot $1.10 | Rake $0.05 
Board [Ad 3d 8h Jc Ks]
Seat 1: mecha0117 (small blind) folded before Flop
Seat 2: armin75 (big blind) folded on the River
Seat 3: JosephO1 collected ($1.05)
Seat 4: handbrake333 folded before Flop (didn't bet)
Seat 5: xxxbohunxxx folded before Flop (didn't bet)
Seat 6: El_Vzla (button) folded on the River



PokerStars Hand #222982335424:  Hold'em No Limit ($0.05/$0.10 USD) - 2021/01/23 20:59:35 ET
Table 'Fabiola II' 6-max Seat #1 is the button
Seat 1: mecha0117 ($21.82 in chips) 
Seat 2: armin75 ($9.65 in chips) 
Seat 3: JosephO1 ($8.87 in chips) 
Seat 4: handbrake333 ($10.75 in chips) 
Seat 5: xxxbohunxxx ($13.38 in chips) 
Seat 6: El_Vzla ($10 in chips) 
armin75: posts small blind $0.05
JosephO1: posts big blind $0.10
*** HOLE CARDS ***
handbrake333: folds 
xxxbohunxxx: folds 
El_Vzla: folds 
mecha0117: raises $0.20 to $0.30
armin75: folds 
JosephO1: calls $0.20
*** FLOP *** [2c 2s Ah]
JosephO1: checks 
mecha0117: bets $0.31
JosephO1: folds 
Uncalled bet ($0.31) returned to mecha0117
mecha0117 collected $0.62 from pot
mecha0117: doesn't show hand 
*** SUMMARY ***
Total pot $0.65 | Rake $0.03 
Board [2c 2s Ah]
Seat 1: mecha0117 (button) collected ($0.62)
Seat 2: armin75 (small blind) folded before Flop
Seat 3: JosephO1 (big blind) folded on the Flop
Seat 4: handbrake333 folded before Flop (didn't bet)
Seat 5: xxxbohunxxx folded before Flop (didn't bet)
Seat 6: El_Vzla folded before Flop (didn't bet)



PokerStars Hand #222982344702:  Hold'em No Limit ($0.05/$0.10 USD) - 2021/01/23 21:00:04 ET
Table 'Fabiola II' 6-max Seat #2 is the button
Seat 1: mecha0117 ($22.14 in chips) 
Seat 2: armin75 ($9.60 in chips) 
Seat 3: JosephO1 ($8.57 in chips) 
Seat 4: handbrake333 ($10.75 in chips) 
Seat 5: xxxbohunxxx ($13.38 in chips) 
Seat 6: El_Vzla ($10 in chips) 
JosephO1: posts small blind $0.05
handbrake333: posts big blind $0.10
*** HOLE CARDS ***
xxxbohunxxx: folds 
El_Vzla: raises $0.15 to $0.25
mecha0117: raises $0.55 to $0.80
armin75: folds 
JosephO1: calls $0.75
handbrake333: folds 
El_Vzla: folds 
*** FLOP *** [4d Jh 8s]
JosephO1: checks 
mecha0117: checks 
*** TURN *** [4d Jh 8s] [6s]
JosephO1: checks 
mecha0117: bets $0.93
JosephO1: calls $0.93
*** RIVER *** [4d Jh 8s 6s] [4s]
JosephO1: checks 
mecha0117: checks 
*** SHOW DOWN ***
JosephO1: shows [7c Jc] (two pair, Jacks and Fours)
mecha0117: mucks hand 
JosephO1 collected $3.64 from pot
*** SUMMARY ***
Total pot $3.81 | Rake $0.17 
Board [4d Jh 8s 6s 4s]
Seat 1: mecha0117 mucked
Seat 2: armin75 (button) folded before Flop (didn't bet)
Seat 3: JosephO1 (small blind) showed [7c Jc] and won ($3.64) with two pair, Jacks and Fours
Seat 4: handbrake333 (big blind) folded before Flop
Seat 5: xxxbohunxxx folded before Flop (didn't bet)
Seat 6: El_Vzla folded before Flop



PokerStars Hand #222982371495:  Hold'em No Limit ($0.05/$0.10 USD) - 2021/01/23 21:01:02 ET
Table 'Fabiola II' 6-max Seat #3 is the button
Seat 1: mecha0117 ($20.41 in chips) 
Seat 2: armin75 ($10 in chips) 
Seat 3: JosephO1 ($10.48 in chips) 
Seat 4: handbrake333 ($10.65 in chips) 
Seat 5: xxxbohunxxx ($13.38 in chips) 
Seat 6: El_Vzla ($10 in chips) 
handbrake333: posts small blind $0.05
xxxbohunxxx: posts big blind $0.10
*** HOLE CARDS ***
El_Vzla: folds 
mecha0117: raises $0.10 to $0.20
armin75: calls $0.20
JosephO1: calls $0.20
handbrake333: folds 
xxxbohunxxx: folds 
*** FLOP *** [6d 9c 2d]
mecha0117: checks 
armin75: checks 
JosephO1: checks 
*** TURN *** [6d 9c 2d] [3d]
mecha0117: checks 
armin75: checks 
JosephO1: checks 
*** RIVER *** [6d 9c 2d 3d] [2h]
mecha0117: checks 
armin75: checks 
JosephO1: checks 
*** SHOW DOWN ***
mecha0117: shows [Td As] (a pair of Deuces)
armin75: mucks hand 
JosephO1: shows [7d 6h] (two pair, Sixes and Deuces)
JosephO1 collected $0.72 from pot
*** SUMMARY ***
Total pot $0.75 | Rake $0.03 
Board [6d 9c 2d 3d 2h]
Seat 1: mecha0117 showed [Td As] and lost with a pair of Deuces
Seat 2: armin75 mucked
Seat 3: JosephO1 (button) showed [7d 6h] and won ($0.72) with two pair, Sixes and Deuces
Seat 4: handbrake333 (small blind) folded before Flop
Seat 5: xxxbohunxxx (big blind) folded before Flop
Seat 6: El_Vzla folded before Flop (didn't bet)



PokerStars Hand #222982399470:  Hold'em No Limit ($0.05/$0.10 USD) - 2021/01/23 21:01:50 ET
Table 'Fabiola II' 6-max Seat #4 is the button
Seat 1: mecha0117 ($20.21 in chips) 
Seat 2: armin75 ($9.80 in chips) 
Seat 3: JosephO1 ($11 in chips) 
Seat 4: handbrake333 ($10.60 in chips) 
Seat 5: xxxbohunxxx ($13.28 in chips) 
Seat 6: El_Vzla ($10 in chips) 
xxxbohunxxx: posts small blind $0.05
El_Vzla: posts big blind $0.10
*** HOLE CARDS ***
mecha0117: folds 
armin75: calls $0.10
JosephO1: calls $0.10
handbrake333: folds 
xxxbohunxxx: calls $0.05
El_Vzla: checks 
*** FLOP *** [4h 2h Qs]
xxxbohunxxx: checks 
El_Vzla: checks 
armin75: checks 
JosephO1: checks 
*** TURN *** [4h 2h Qs] [2s]
mecha0117 leaves the table
xxxbohunxxx: checks 
El_Vzla: checks 
armin75: checks 
JosephO1: checks 
*** RIVER *** [4h 2h Qs 2s] [2d]
xxxbohunxxx: checks 
El_Vzla: checks 
armin75: checks 
JosephO1: checks 
*** SHOW DOWN ***
xxxbohunxxx: shows [9s 7s] (three of a kind, Deuces)
El_Vzla: shows [9d 6d] (three of a kind, Deuces)
armin75: shows [Ks 8s] (three of a kind, Deuces - King kicker)
JosephO1: mucks hand 
armin75 collected $0.38 from pot
*** SUMMARY ***
Total pot $0.40 | Rake $0.02 
Board [4h 2h Qs 2s 2d]
Seat 1: mecha0117 folded before Flop (didn't bet)
Seat 2: armin75 showed [Ks 8s] and won ($0.38) with three of a kind, Deuces
Seat 3: JosephO1 mucked
Seat 4: handbrake333 (button) folded before Flop (didn't bet)
Seat 5: xxxbohunxxx (small blind) showed [9s 7s] and lost with three of a kind, Deuces
Seat 6: El_Vzla (big blind) showed [9d 6d] and lost with three of a kind, Deuces



PokerStars Hand #222982432446:  Hold'em No Limit ($0.05/$0.10 USD) - 2021/01/23 21:03:10 ET
Table 'Fabiola II' 6-max Seat #5 is the button
Seat 2: armin75 ($10.08 in chips) 
Seat 3: JosephO1 ($10.90 in chips) 
Seat 4: handbrake333 ($10.60 in chips) 
Seat 5: xxxbohunxxx ($13.18 in chips) 
Seat 6: El_Vzla ($10 in chips) 
El_Vzla: posts small blind $0.05
armin75: posts big blind $0.10
*** HOLE CARDS ***
JosephO1: calls $0.10
handbrake333: folds 
xxxbohunxxx: folds 
El_Vzla: folds 
Bruno Gatin joins the table at seat #1 
armin75: checks 
*** FLOP *** [8s 4d 7s]
armin75: checks 
JosephO1: checks 
*** TURN *** [8s 4d 7s] [Qd]
armin75: checks 
JosephO1: checks 
*** RIVER *** [8s 4d 7s Qd] [4h]
armin75: checks 
JosephO1: checks 
*** SHOW DOWN ***
armin75: shows [Tc 3s] (a pair of Fours)
JosephO1: shows [Kd 5s] (a pair of Fours - King kicker)
JosephO1 collected $0.24 from pot
*** SUMMARY ***
Total pot $0.25 | Rake $0.01 
Board [8s 4d 7s Qd 4h]
Seat 2: armin75 (big blind) showed [Tc 3s] and lost with a pair of Fours
Seat 3: JosephO1 showed [Kd 5s] and won ($0.24) with a pair of Fours
Seat 4: handbrake333 folded before Flop (didn't bet)
Seat 5: xxxbohunxxx (button) folded before Flop (didn't bet)
Seat 6: El_Vzla (small blind) folded before Flop



PokerStars Hand #222982451908:  Hold'em No Limit ($0.05/$0.10 USD) - 2021/01/23 21:03:56 ET
Table 'Fabiola II' 6-max Seat #6 is the button
Seat 2: armin75 ($9.98 in chips) 
Seat 3: JosephO1 ($11.04 in chips) 
Seat 4: handbrake333 ($10.60 in chips) 
Seat 5: xxxbohunxxx ($13.18 in chips) 
Seat 6: El_Vzla ($10 in chips) 
armin75: posts small blind $0.05
JosephO1: posts big blind $0.10
*** HOLE CARDS ***
handbrake333: raises $0.20 to $0.30
xxxbohunxxx: folds 
El_Vzla: calls $0.30
armin75: raises $1 to $1.30
JosephO1: calls $1.20
handbrake333: calls $1
El_Vzla: folds 
*** FLOP *** [2h 3d Js]
armin75: checks 
JosephO1: checks 
handbrake333: bets $2.67
armin75: folds 
armin75 leaves the table
JosephO1: folds 
Uncalled bet ($2.67) returned to handbrake333
handbrake333 collected $4.01 from pot
handbrake333: doesn't show hand 
*** SUMMARY ***
Total pot $4.20 | Rake $0.19 
Board [2h 3d Js]
Seat 2: armin75 (small blind) folded on the Flop
Seat 3: JosephO1 (big blind) folded on the Flop
Seat 4: handbrake333 collected ($4.01)
Seat 5: xxxbohunxxx folded before Flop (didn't bet)
Seat 6: El_Vzla (button) folded before Flop



PokerStars Hand #222982472323:  Hold'em No Limit ($0.05/$0.10 USD) - 2021/01/23 21:04:45 ET
Table 'Fabiola II' 6-max Seat #3 is the button
Seat 1: Bruno Gatin ($4.95 in chips) 
Seat 3: JosephO1 ($9.74 in chips) 
Seat 4: handbrake333 ($13.31 in chips) 
Seat 5: xxxbohunxxx ($13.18 in chips) 
Seat 6: El_Vzla ($10 in chips) 
handbrake333: posts small blind $0.05
xxxbohunxxx: posts big blind $0.10
Bruno Gatin: posts big blind $0.10
*** HOLE CARDS ***
El_Vzla: folds 
Bruno Gatin: checks 
JosephO1: calls $0.10
handbrake333: folds 
PeePooPoo joins the table at seat #2 
xxxbohunxxx: raises $0.30 to $0.40
Bruno Gatin: folds 
JosephO1: calls $0.30
*** FLOP *** [8s 3d 4d]
xxxbohunxxx: bets $0.46
JosephO1: folds 
Uncalled bet ($0.46) returned to xxxbohunxxx
xxxbohunxxx collected $0.91 from pot
xxxbohunxxx: doesn't show hand 
*** SUMMARY ***
Total pot $0.95 | Rake $0.04 
Board [8s 3d 4d]
Seat 1: Bruno Gatin folded before Flop (didn't bet)
Seat 3: JosephO1 (button) folded on the Flop
Seat 4: handbrake333 (small blind) folded before Flop
Seat 5: xxxbohunxxx (big blind) collected ($0.91)
Seat 6: El_Vzla folded before Flop (didn't bet)



PokerStars Hand #222982491578:  Hold'em No Limit ($0.05/$0.10 USD) - 2021/01/23 21:05:32 ET
Table 'Fabiola II' 6-max Seat #4 is the button
Seat 1: Bruno Gatin ($4.85 in chips) 
Seat 3: JosephO1 ($9.34 in chips) 
Seat 4: handbrake333 ($13.26 in chips) 
Seat 5: xxxbohunxxx ($13.69 in chips) 
Seat 6: El_Vzla ($10 in chips) 
xxxbohunxxx: posts small blind $0.05
El_Vzla: posts big blind $0.10
PeePooPoo: sits out 
*** HOLE CARDS ***
Bruno Gatin: calls $0.10
JosephO1: calls $0.10
handbrake333: folds 
xxxbohunxxx: folds 
El_Vzla: checks 
*** FLOP *** [As 9d 7c]
El_Vzla: checks 
Bruno Gatin: checks 
JosephO1: checks 
*** TURN *** [As 9d 7c] [5d]
PeePooPoo leaves the table
El_Vzla: checks 
Bruno Gatin: checks 
JosephO1: checks 
*** RIVER *** [As 9d 7c 5d] [Ac]
El_Vzla: checks 
Bruno Gatin: checks 
JosephO1: checks 
*** SHOW DOWN ***
El_Vzla: shows [2h 8d] (a pair of Aces)
Bruno Gatin: shows [6h Jh] (a pair of Aces - Jack kicker)
JosephO1: mucks hand 
Bruno Gatin collected $0.33 from pot
*** SUMMARY ***
Total pot $0.35 | Rake $0.02 
Board [As 9d 7c 5d Ac]
Seat 1: Bruno Gatin showed [6h Jh] and won ($0.33) with a pair of Aces
Seat 3: JosephO1 mucked
Seat 4: handbrake333 (button) folded before Flop (didn't bet)
Seat 5: xxxbohunxxx (small blind) folded before Flop
Seat 6: El_Vzla (big blind) showed [2h 8d] and lost with a pair of Aces



PokerStars Hand #222982511764:  Hold'em No Limit ($0.05/$0.10 USD) - 2021/01/23 21:06:20 ET
Table 'Fabiola II' 6-max Seat #5 is the button
Seat 1: Bruno Gatin ($5.08 in chips) 
Seat 3: JosephO1 ($9.24 in chips) 
Seat 4: handbrake333 ($13.26 in chips) 
Seat 5: xxxbohunxxx ($13.64 in chips) 
Seat 6: El_Vzla ($10 in chips) 
sixcoins joins the table at seat #2 
El_Vzla: posts small blind $0.05
Bruno Gatin: posts big blind $0.10
*** HOLE CARDS ***
JosephO1: calls $0.10
handbrake333: folds 
xxxbohunxxx: folds 
El_Vzla: calls $0.05
Bruno Gatin: raises $0.10 to $0.20
JosephO1: calls $0.10
El_Vzla: calls $0.10
*** FLOP *** [Jh 9s As]
El_Vzla: checks 
Bruno Gatin: bets $0.29
JosephO1: calls $0.29
El_Vzla: calls $0.29
*** TURN *** [Jh 9s As] [Ts]
El_Vzla: checks 
Bruno Gatin: checks 
JosephO1: bets $0.80
El_Vzla: folds 
Bruno Gatin: folds 
Uncalled bet ($0.80) returned to JosephO1
JosephO1 collected $1.40 from pot
JosephO1: doesn't show hand 
*** SUMMARY ***
Total pot $1.47 | Rake $0.07 
Board [Jh 9s As Ts]
Seat 1: Bruno Gatin (big blind) folded on the Turn
Seat 3: JosephO1 collected ($1.40)
Seat 4: handbrake333 folded before Flop (didn't bet)
Seat 5: xxxbohunxxx (button) folded before Flop (didn't bet)
Seat 6: El_Vzla (small blind) folded on the Turn



PokerStars Hand #222982531085:  Hold'em No Limit ($0.05/$0.10 USD) - 2021/01/23 21:07:07 ET
Table 'Fabiola II' 6-max Seat #6 is the button
Seat 1: Bruno Gatin ($4.59 in chips) 
Seat 2: sixcoins ($10 in chips) 
Seat 3: JosephO1 ($10.15 in chips) 
Seat 4: handbrake333 ($13.26 in chips) 
Seat 5: xxxbohunxxx ($13.64 in chips) 
Seat 6: El_Vzla ($10 in chips) 
Bruno Gatin: posts small blind $0.05
sixcoins: posts big blind $0.10
*** HOLE CARDS ***
JosephO1: calls $0.10
handbrake333: folds 
xxxbohunxxx: folds 
El_Vzla: raises $0.20 to $0.30
Bruno Gatin: folds 
sixcoins: folds 
JosephO1: calls $0.20
*** FLOP *** [2c 3h Qh]
JosephO1: checks 
El_Vzla: bets $0.24
JosephO1: folds 
Uncalled bet ($0.24) returned to El_Vzla
El_Vzla collected $0.72 from pot
El_Vzla: doesn't show hand 
*** SUMMARY ***
Total pot $0.75 | Rake $0.03 
Board [2c 3h Qh]
Seat 1: Bruno Gatin (small blind) folded before Flop
Seat 2: sixcoins (big blind) folded before Flop
Seat 3: JosephO1 folded on the Flop
Seat 4: handbrake333 folded before Flop (didn't bet)
Seat 5: xxxbohunxxx folded before Flop (didn't bet)
Seat 6: El_Vzla (button) collected ($0.72)



PokerStars Hand #222982541793:  Hold'em No Limit ($0.05/$0.10 USD) - 2021/01/23 21:07:33 ET
Table 'Fabiola II' 6-max Seat #1 is the button
Seat 1: Bruno Gatin ($4.54 in chips) 
Seat 2: sixcoins ($9.90 in chips) 
Seat 3: JosephO1 ($9.85 in chips) 
Seat 4: handbrake333 ($13.26 in chips) 
Seat 5: xxxbohunxxx ($13.64 in chips) 
Seat 6: El_Vzla ($10.42 in chips) 
sixcoins: posts small blind $0.05
JosephO1: posts big blind $0.10
*** HOLE CARDS ***
handbrake333: folds 
xxxbohunxxx: raises $0.20 to $0.30
El_Vzla: folds 
Bruno Gatin: folds 
sixcoins: folds 
JosephO1: calls $0.20
*** FLOP *** [Js 8d Ah]
JosephO1: checks 
xxxbohunxxx: bets $0.47
JosephO1: folds 
Uncalled bet ($0.47) returned to xxxbohunxxx
xxxbohunxxx collected $0.62 from pot
xxxbohunxxx: doesn't show hand 
*** SUMMARY ***
Total pot $0.65 | Rake $0.03 
Board [Js 8d Ah]
Seat 1: Bruno Gatin (button) folded before Flop (didn't bet)
Seat 2: sixcoins (small blind) folded before Flop
Seat 3: JosephO1 (big blind) folded on the Flop
Seat 4: handbrake333 folded before Flop (didn't bet)
Seat 5: xxxbohunxxx collected ($0.62)
Seat 6: El_Vzla folded before Flop (didn't bet)



PokerStars Hand #222982551717:  Hold'em No Limit ($0.05/$0.10 USD) - 2021/01/23 21:07:57 ET
Table 'Fabiola II' 6-max Seat #2 is the button
Seat 1: Bruno Gatin ($4.54 in chips) 
Seat 2: sixcoins ($9.85 in chips) 
Seat 3: JosephO1 ($9.55 in chips) 
Seat 4: handbrake333 ($13.26 in chips) 
Seat 5: xxxbohunxxx ($13.96 in chips) 
Seat 6: El_Vzla ($10.42 in chips) 
JosephO1: posts small blind $0.05
handbrake333: posts big blind $0.10
*** HOLE CARDS ***
xxxbohunxxx: folds 
El_Vzla: raises $0.15 to $0.25
Bruno Gatin: raises $0.25 to $0.50
sixcoins: folds 
JosephO1: calls $0.45
handbrake333: calls $0.40
El_Vzla: calls $0.25
*** FLOP *** [3c Kc 3h]
JosephO1: checks 
handbrake333: checks 
El_Vzla: checks 
Bruno Gatin: bets $0.96
JosephO1: folds 
handbrake333: folds 
El_Vzla: folds 
Uncalled bet ($0.96) returned to Bruno Gatin
Bruno Gatin collected $1.91 from pot
Bruno Gatin: doesn't show hand 
*** SUMMARY ***
Total pot $2 | Rake $0.09 
Board [3c Kc 3h]
Seat 1: Bruno Gatin collected ($1.91)
Seat 2: sixcoins (button) folded before Flop (didn't bet)
Seat 3: JosephO1 (small blind) folded on the Flop
Seat 4: handbrake333 (big blind) folded on the Flop
Seat 5: xxxbohunxxx folded before Flop (didn't bet)
Seat 6: El_Vzla folded on the Flop



PokerStars Hand #222982571206:  Hold'em No Limit ($0.05/$0.10 USD) - 2021/01/23 21:08:44 ET
Table 'Fabiola II' 6-max Seat #3 is the button
Seat 1: Bruno Gatin ($5.95 in chips) 
Seat 2: sixcoins ($9.85 in chips) 
Seat 3: JosephO1 ($9.05 in chips) 
Seat 4: handbrake333 ($12.76 in chips) 
Seat 5: xxxbohunxxx ($13.96 in chips) 
Seat 6: El_Vzla ($10 in chips) 
handbrake333: posts small blind $0.05
xxxbohunxxx: posts big blind $0.10
*** HOLE CARDS ***
El_Vzla: folds 
Bruno Gatin: folds 
sixcoins: folds 
JosephO1: calls $0.10
handbrake333: calls $0.05
xxxbohunxxx: checks 
*** FLOP *** [4d Qs Tc]
handbrake333: bets $0.22
xxxbohunxxx: calls $0.22
JosephO1: folds 
*** TURN *** [4d Qs Tc] [9c]
handbrake333: bets $0.60
xxxbohunxxx: folds 
Uncalled bet ($0.60) returned to handbrake333
handbrake333 collected $0.71 from pot
handbrake333: doesn't show hand 
*** SUMMARY ***
Total pot $0.74 | Rake $0.03 
Board [4d Qs Tc 9c]
Seat 1: Bruno Gatin folded before Flop (didn't bet)
Seat 2: sixcoins folded before Flop (didn't bet)
Seat 3: JosephO1 (button) folded on the Flop
Seat 4: handbrake333 (small blind) collected ($0.71)
Seat 5: xxxbohunxxx (big blind) folded on the Turn
Seat 6: El_Vzla folded before Flop (didn't bet)



PokerStars Hand #222982591627:  Hold'em No Limit ($0.05/$0.10 USD) - 2021/01/23 21:09:34 ET
Table 'Fabiola II' 6-max Seat #4 is the button
Seat 1: Bruno Gatin ($5.95 in chips) 
Seat 2: sixcoins ($9.85 in chips) 
Seat 3: JosephO1 ($8.95 in chips) 
Seat 4: handbrake333 ($13.15 in chips) 
Seat 5: xxxbohunxxx ($13.64 in chips) 
Seat 6: El_Vzla ($10 in chips) 
xxxbohunxxx: posts small blind $0.05
El_Vzla: posts big blind $0.10
*** HOLE CARDS ***
Bruno Gatin: folds 
sixcoins: folds 
JosephO1: calls $0.10
handbrake333: raises $0.30 to $0.40
xxxbohunxxx: calls $0.35
El_Vzla: folds 
JosephO1: calls $0.30
*** FLOP *** [5h 4s Kc]
xxxbohunxxx: checks 
JosephO1: bets $0.10
handbrake333: calls $0.10
xxxbohunxxx: calls $0.10
*** TURN *** [5h 4s Kc] [7d]
xxxbohunxxx: checks 
JosephO1: checks 
handbrake333: checks 
*** RIVER *** [5h 4s Kc 7d] [Ad]
xxxbohunxxx: checks 
JosephO1: bets $0.80
handbrake333: folds 
xxxbohunxxx: folds 
Uncalled bet ($0.80) returned to JosephO1
JosephO1 collected $1.53 from pot
JosephO1: doesn't show hand 
*** SUMMARY ***
Total pot $1.60 | Rake $0.07 
Board [5h 4s Kc 7d Ad]
Seat 1: Bruno Gatin folded before Flop (didn't bet)
Seat 2: sixcoins folded before Flop (didn't bet)
Seat 3: JosephO1 collected ($1.53)
Seat 4: handbrake333 (button) folded on the River
Seat 5: xxxbohunxxx (small blind) folded on the River
Seat 6: El_Vzla (big blind) folded before Flop



PokerStars Hand #222982618315:  Hold'em No Limit ($0.05/$0.10 USD) - 2021/01/23 21:10:38 ET
Table 'Fabiola II' 6-max Seat #5 is the button
Seat 1: Bruno Gatin ($5.95 in chips) 
Seat 2: sixcoins ($9.85 in chips) 
Seat 3: JosephO1 ($9.98 in chips) 
Seat 4: handbrake333 ($12.65 in chips) 
Seat 5: xxxbohunxxx ($13.14 in chips) 
Seat 6: El_Vzla ($10 in chips) 
El_Vzla: posts small blind $0.05
Bruno Gatin: posts big blind $0.10
*** HOLE CARDS ***
sixcoins: raises $0.20 to $0.30
JosephO1: calls $0.30
handbrake333: folds 
xxxbohunxxx: folds 
El_Vzla: folds 
Bruno Gatin: folds 
*** FLOP *** [4d Qs 2s]
sixcoins: checks 
JosephO1: checks 
*** TURN *** [4d Qs 2s] [7s]
sixcoins: checks 
JosephO1: checks 
*** RIVER *** [4d Qs 2s 7s] [5d]
sixcoins: bets $0.40
JosephO1: folds 
Uncalled bet ($0.40) returned to sixcoins
sixcoins collected $0.72 from pot
sixcoins: doesn't show hand 
*** SUMMARY ***
Total pot $0.75 | Rake $0.03 
Board [4d Qs 2s 7s 5d]
Seat 1: Bruno Gatin (big blind) folded before Flop
Seat 2: sixcoins collected ($0.72)
Seat 3: JosephO1 folded on the River
Seat 4: handbrake333 folded before Flop (didn't bet)
Seat 5: xxxbohunxxx (button) folded before Flop (didn't bet)
Seat 6: El_Vzla (small blind) folded before Flop



PokerStars Hand #222982635450:  Hold'em No Limit ($0.05/$0.10 USD) - 2021/01/23 21:11:19 ET
Table 'Fabiola II' 6-max Seat #6 is the button
Seat 1: Bruno Gatin ($5.85 in chips) 
Seat 2: sixcoins ($10.27 in chips) 
Seat 3: JosephO1 ($9.68 in chips) 
Seat 4: handbrake333 ($12.65 in chips) 
Seat 5: xxxbohunxxx ($13.14 in chips) 
Seat 6: El_Vzla ($10 in chips) 
Bruno Gatin: posts small blind $0.05
sixcoins: posts big blind $0.10
*** HOLE CARDS ***
JosephO1: raises $0.30 to $0.40
handbrake333: folds 
xxxbohunxxx: folds 
El_Vzla: folds 
Bruno Gatin: calls $0.35
sixcoins: folds 
*** FLOP *** [2s 8s 7d]
Bruno Gatin: bets $0.20
JosephO1: calls $0.20
*** TURN *** [2s 8s 7d] [9s]
Bruno Gatin: bets $0.62
JosephO1: calls $0.62
*** RIVER *** [2s 8s 7d 9s] [Td]
Bruno Gatin: checks 
JosephO1: bets $0.90
Bruno Gatin: folds 
Uncalled bet ($0.90) returned to JosephO1
JosephO1 collected $2.43 from pot
JosephO1: doesn't show hand 
*** SUMMARY ***
Total pot $2.54 | Rake $0.11 
Board [2s 8s 7d 9s Td]
Seat 1: Bruno Gatin (small blind) folded on the River
Seat 2: sixcoins (big blind) folded before Flop
Seat 3: JosephO1 collected ($2.43)
Seat 4: handbrake333 folded before Flop (didn't bet)
Seat 5: xxxbohunxxx folded before Flop (didn't bet)
Seat 6: El_Vzla (button) folded before Flop (didn't bet)



PokerStars Hand #222981794050:  Hold'em No Limit ($0.05/$0.10 USD) - 2021/01/23 20:37:23 ET
Table 'Fabiola II' 6-max Seat #2 is the button
Seat 1: mecha0117 ($8.32 in chips) 
Seat 2: armin75 ($10.04 in chips) 
Seat 3: JosephO1 ($9.70 in chips) 
Seat 4: handbrake333 ($10 in chips) 
JosephO1: posts small blind $0.05
handbrake333: posts big blind $0.10
xxxbohunxxx: sits out 
El_Vzla: sits out 
*** HOLE CARDS ***
mecha0117: folds 
armin75: folds 
JosephO1: calls $0.05
handbrake333: checks 
*** FLOP *** [Ah 3s 2c]
JosephO1: checks 
handbrake333: checks 
*** TURN *** [Ah 3s 2c] [8d]
JosephO1: checks 
handbrake333: checks 
*** RIVER *** [Ah 3s 2c 8d] [2h]
JosephO1: checks 
handbrake333: checks 
*** SHOW DOWN ***
JosephO1: shows [Qh Jh] (a pair of Deuces)
handbrake333: mucks hand 
JosephO1 collected $0.19 from pot
*** SUMMARY ***
Total pot $0.20 | Rake $0.01 
Board [Ah 3s 2c 8d 2h]
Seat 1: mecha0117 folded before Flop (didn't bet)
Seat 2: armin75 (button) folded before Flop (didn't bet)
Seat 3: JosephO1 (small blind) showed [Qh Jh] and won ($0.19) with a pair of Deuces
Seat 4: handbrake333 (big blind) mucked



PokerStars Hand #222981806819:  Hold'em No Limit ($0.05/$0.10 USD) - 2021/01/23 20:37:54 ET
Table 'Fabiola II' 6-max Seat #3 is the button
Seat 1: mecha0117 ($8.32 in chips) 
Seat 2: armin75 ($10.04 in chips) 
Seat 3: JosephO1 ($9.79 in chips) 
Seat 4: handbrake333 ($10 in chips) 
Seat 5: xxxbohunxxx ($10 in chips) 
handbrake333: posts small blind $0.05
xxxbohunxxx: posts big blind $0.10
El_Vzla: sits out 
*** HOLE CARDS ***
mecha0117: raises $0.10 to $0.20
armin75: folds 
JosephO1: calls $0.20
handbrake333: folds 
xxxbohunxxx: folds 
*** FLOP *** [Qc 5h 4s]
mecha0117: bets $0.26
JosephO1: folds 
Uncalled bet ($0.26) returned to mecha0117
mecha0117 collected $0.53 from pot
mecha0117: doesn't show hand 
*** SUMMARY ***
Total pot $0.55 | Rake $0.02 
Board [Qc 5h 4s]
Seat 1: mecha0117 collected ($0.53)
Seat 2: armin75 folded before Flop (didn't bet)
Seat 3: JosephO1 (button) folded on the Flop
Seat 4: handbrake333 (small blind) folded before Flop
Seat 5: xxxbohunxxx (big blind) folded before Flop



PokerStars Hand #222981816759:  Hold'em No Limit ($0.05/$0.10 USD) - 2021/01/23 20:38:17 ET
Table 'Fabiola II' 6-max Seat #4 is the button
Seat 1: mecha0117 ($8.65 in chips) 
Seat 2: armin75 ($10.04 in chips) 
Seat 3: JosephO1 ($9.59 in chips) 
Seat 4: handbrake333 ($10 in chips) 
Seat 5: xxxbohunxxx ($10 in chips) 
Seat 6: El_Vzla ($10 in chips) 
xxxbohunxxx: posts small blind $0.05
El_Vzla: posts big blind $0.10
*** HOLE CARDS ***
mecha0117: folds 
armin75: folds 
JosephO1: calls $0.10
handbrake333: folds 
xxxbohunxxx: folds 
El_Vzla: checks 
*** FLOP *** [2h Jh 2c]
El_Vzla: checks 
JosephO1: checks 
*** TURN *** [2h Jh 2c] [5c]
El_Vzla: bets $0.15
JosephO1: raises $1.75 to $1.90
El_Vzla: folds 
Uncalled bet ($1.75) returned to JosephO1
JosephO1 collected $0.53 from pot
JosephO1: doesn't show hand 
*** SUMMARY ***
Total pot $0.55 | Rake $0.02 
Board [2h Jh 2c 5c]
Seat 1: mecha0117 folded before Flop (didn't bet)
Seat 2: armin75 folded before Flop (didn't bet)
Seat 3: JosephO1 collected ($0.53)
Seat 4: handbrake333 (button) folded before Flop (didn't bet)
Seat 5: xxxbohunxxx (small blind) folded before Flop
Seat 6: El_Vzla (big blind) folded on the Turn



PokerStars Hand #222981833284:  Hold'em No Limit ($0.05/$0.10 USD) - 2021/01/23 20:38:50 ET
Table 'Fabiola II' 6-max Seat #5 is the button
Seat 1: mecha0117 ($8.65 in chips) 
Seat 2: armin75 ($10.04 in chips) 
Seat 3: JosephO1 ($9.87 in chips) 
Seat 4: handbrake333 ($10 in chips) 
Seat 5: xxxbohunxxx ($10 in chips) 
Seat 6: El_Vzla ($10 in chips) 
El_Vzla: posts small blind $0.05
mecha0117: posts big blind $0.10
*** HOLE CARDS ***
armin75: folds 
JosephO1: calls $0.10
handbrake333: folds 
xxxbohunxxx: folds 
El_Vzla: raises $0.15 to $0.25
mecha0117: folds 
JosephO1: calls $0.15
*** FLOP *** [4d Tc 9d]
El_Vzla: checks 
JosephO1: checks 
*** TURN *** [4d Tc 9d] [Kd]
El_Vzla: bets $0.36
JosephO1: calls $0.36
*** RIVER *** [4d Tc 9d Kd] [Td]
El_Vzla: bets $0.81
JosephO1: folds 
Uncalled bet ($0.81) returned to El_Vzla
El_Vzla collected $1.26 from pot
El_Vzla: doesn't show hand 
*** SUMMARY ***
Total pot $1.32 | Rake $0.06 
Board [4d Tc 9d Kd Td]
Seat 1: mecha0117 (big blind) folded before Flop
Seat 2: armin75 folded before Flop (didn't bet)
Seat 3: JosephO1 folded on the River
Seat 4: handbrake333 folded before Flop (didn't bet)
Seat 5: xxxbohunxxx (button) folded before Flop (didn't bet)
Seat 6: El_Vzla (small blind) collected ($1.26)



PokerStars Hand #222981849389:  Hold'em No Limit ($0.05/$0.10 USD) - 2021/01/23 20:39:28 ET
Table 'Fabiola II' 6-max Seat #6 is the button
Seat 1: mecha0117 ($8.55 in chips) 
Seat 2: armin75 ($10.04 in chips) 
Seat 3: JosephO1 ($9.26 in chips) 
Seat 4: handbrake333 ($10 in chips) 
Seat 5: xxxbohunxxx ($10 in chips) 
Seat 6: El_Vzla ($10.65 in chips) 
mecha0117: posts small blind $0.05
armin75: posts big blind $0.10
*** HOLE CARDS ***
JosephO1: calls $0.10
handbrake333: folds 
xxxbohunxxx: folds 
El_Vzla: raises $0.20 to $0.30
mecha0117: raises $1 to $1.30
armin75: folds 
JosephO1: calls $1.20
El_Vzla: calls $1
*** FLOP *** [5s Kh 8d]
mecha0117: bets $1
JosephO1: calls $1
El_Vzla: calls $1
*** TURN *** [5s Kh 8d] [5c]
mecha0117: bets $2.20
JosephO1: calls $2.20
El_Vzla: calls $2.20
*** RIVER *** [5s Kh 8d 5c] [Qh]
mecha0117: bets $4.05 and is all-in
JosephO1: raises $0.71 to $4.76 and is all-in
El_Vzla: folds 
Uncalled bet ($0.71) returned to JosephO1
*** SHOW DOWN ***
JosephO1: shows [As Kd] (two pair, Kings and Fives)
mecha0117: shows [Ac Ad] (two pair, Aces and Fives)
mecha0117 collected $20.72 from pot
*** SUMMARY ***
Total pot $21.70 | Rake $0.98 
Board [5s Kh 8d 5c Qh]
Seat 1: mecha0117 (small blind) showed [Ac Ad] and won ($20.72) with two pair, Aces and Fives
Seat 2: armin75 (big blind) folded before Flop
Seat 3: JosephO1 showed [As Kd] and lost with two pair, Kings and Fives
Seat 4: handbrake333 folded before Flop (didn't bet)
Seat 5: xxxbohunxxx folded before Flop (didn't bet)
Seat 6: El_Vzla (button) folded on the River



PokerStars Hand #222981891006:  Hold'em No Limit ($0.05/$0.10 USD) - 2021/01/23 20:41:06 ET
Table 'Fabiola II' 6-max Seat #1 is the button
Seat 1: mecha0117 ($20.72 in chips) 
Seat 2: armin75 ($9.94 in chips) 
Seat 3: JosephO1 ($0.71 in chips) 
Seat 4: handbrake333 ($10 in chips) 
Seat 5: xxxbohunxxx ($10 in chips) 
Seat 6: El_Vzla ($10 in chips) 
armin75: posts small blind $0.05
JosephO1: posts big blind $0.10
*** HOLE CARDS ***
handbrake333: folds 
xxxbohunxxx: folds 
El_Vzla: folds 
mecha0117: raises $0.20 to $0.30
armin75: folds 
JosephO1: calls $0.20
*** FLOP *** [Kd 6c 4s]
JosephO1: bets $0.41 and is all-in
mecha0117: calls $0.41
*** TURN *** [Kd 6c 4s] [Th]
*** RIVER *** [Kd 6c 4s Th] [3h]
*** SHOW DOWN ***
JosephO1: shows [6s Qc] (a pair of Sixes)
mecha0117: shows [Ac 2h] (high card Ace)
JosephO1 collected $1.40 from pot
*** SUMMARY ***
Total pot $1.47 | Rake $0.07 
Board [Kd 6c 4s Th 3h]
Seat 1: mecha0117 (button) showed [Ac 2h] and lost with high card Ace
Seat 2: armin75 (small blind) folded before Flop
Seat 3: JosephO1 (big blind) showed [6s Qc] and won ($1.40) with a pair of Sixes
Seat 4: handbrake333 folded before Flop (didn't bet)
Seat 5: xxxbohunxxx folded before Flop (didn't bet)
Seat 6: El_Vzla folded before Flop (didn't bet)



PokerStars Hand #222981902575:  Hold'em No Limit ($0.05/$0.10 USD) - 2021/01/23 20:41:34 ET
Table 'Fabiola II' 6-max Seat #2 is the button
Seat 1: mecha0117 ($20.01 in chips) 
Seat 2: armin75 ($9.89 in chips) 
Seat 3: JosephO1 ($1.40 in chips) 
Seat 4: handbrake333 ($10 in chips) 
Seat 5: xxxbohunxxx ($10 in chips) 
Seat 6: El_Vzla ($10 in chips) 
JosephO1: posts small blind $0.05
handbrake333: posts big blind $0.10
*** HOLE CARDS ***
xxxbohunxxx: folds 
El_Vzla: folds 
mecha0117: folds 
armin75: calls $0.10
JosephO1: calls $0.05
handbrake333: checks 
*** FLOP *** [Ad 8s Js]
JosephO1: checks 
handbrake333: checks 
armin75: checks 
*** TURN *** [Ad 8s Js] [Ah]
JosephO1: checks 
handbrake333: checks 
armin75: checks 
*** RIVER *** [Ad 8s Js Ah] [Jh]
JosephO1: checks 
handbrake333: checks 
armin75: checks 
*** SHOW DOWN ***
JosephO1: shows [8h Qs] (two pair, Aces and Jacks)
handbrake333: mucks hand 
armin75: mucks hand 
JosephO1 collected $0.29 from pot
*** SUMMARY ***
Total pot $0.30 | Rake $0.01 
Board [Ad 8s Js Ah Jh]
Seat 1: mecha0117 folded before Flop (didn't bet)
Seat 2: armin75 (button) mucked
Seat 3: JosephO1 (small blind) showed [8h Qs] and won ($0.29) with two pair, Aces and Jacks
Seat 4: handbrake333 (big blind) mucked
Seat 5: xxxbohunxxx folded before Flop (didn't bet)
Seat 6: El_Vzla folded before Flop (didn't bet)



PokerStars Hand #222981921389:  Hold'em No Limit ($0.05/$0.10 USD) - 2021/01/23 20:42:19 ET
Table 'Fabiola II' 6-max Seat #3 is the button
Seat 1: mecha0117 ($20.01 in chips) 
Seat 2: armin75 ($9.79 in chips) 
Seat 3: JosephO1 ($1.59 in chips) 
Seat 4: handbrake333 ($10 in chips) 
Seat 5: xxxbohunxxx ($10 in chips) 
Seat 6: El_Vzla ($10 in chips) 
handbrake333: posts small blind $0.05
xxxbohunxxx: posts big blind $0.10
*** HOLE CARDS ***
El_Vzla: folds 
mecha0117: raises $0.10 to $0.20
armin75: folds 
JosephO1: calls $0.20
handbrake333: folds 
xxxbohunxxx: calls $0.10
*** FLOP *** [7c 6s 4h]
xxxbohunxxx: checks 
mecha0117: checks 
JosephO1: checks 
*** TURN *** [7c 6s 4h] [2h]
xxxbohunxxx: checks 
mecha0117: checks 
JosephO1: checks 
*** RIVER *** [7c 6s 4h 2h] [Ac]
xxxbohunxxx: checks 
mecha0117: checks 
JosephO1: bets $1.39 and is all-in
xxxbohunxxx: folds 
mecha0117: folds 
Uncalled bet ($1.39) returned to JosephO1
JosephO1 collected $0.62 from pot
JosephO1: doesn't show hand 
*** SUMMARY ***
Total pot $0.65 | Rake $0.03 
Board [7c 6s 4h 2h Ac]
Seat 1: mecha0117 folded on the River
Seat 2: armin75 folded before Flop (didn't bet)
Seat 3: JosephO1 (button) collected ($0.62)
Seat 4: handbrake333 (small blind) folded before Flop
Seat 5: xxxbohunxxx (big blind) folded on the River
Seat 6: El_Vzla folded before Flop (didn't bet)



PokerStars Hand #222982912443:  Hold'em No Limit ($0.05/$0.10 USD) - 2021/01/23 21:22:20 ET
Table 'Fabiola II' 6-max Seat #6 is the button
Seat 1: Bruno Gatin ($6.84 in chips) 
Seat 2: sixcoins ($9.48 in chips) 
Seat 3: JosephO1 ($11.31 in chips) 
Seat 4: handbrake333 ($11.96 in chips) 
Seat 5: xxxbohunxxx ($12.69 in chips) 
Seat 6: El_Vzla ($10 in chips) 
Bruno Gatin: posts small blind $0.05
sixcoins: posts big blind $0.10
*** HOLE CARDS ***
JosephO1: calls $0.10
handbrake333: folds 
xxxbohunxxx: folds 
El_Vzla: folds 
Bruno Gatin: calls $0.05
sixcoins: checks 
*** FLOP *** [Jc 7c 5s]
Bruno Gatin: checks 
sixcoins: checks 
JosephO1: checks 
*** TURN *** [Jc 7c 5s] [Js]
Bruno Gatin: checks 
sixcoins: checks 
JosephO1: checks 
*** RIVER *** [Jc 7c 5s Js] [Tc]
Bruno Gatin: checks 
sixcoins: bets $0.50
JosephO1: raises $0.50 to $1
Bruno Gatin: folds 
sixcoins: calls $0.50
*** SHOW DOWN ***
JosephO1: shows [Th 4s] (two pair, Jacks and Tens)
sixcoins: shows [8c 5c] (a flush, Jack high)
sixcoins collected $2.20 from pot
*** SUMMARY ***
Total pot $2.30 | Rake $0.10 
Board [Jc 7c 5s Js Tc]
Seat 1: Bruno Gatin (small blind) folded on the River
Seat 2: sixcoins (big blind) showed [8c 5c] and won ($2.20) with a flush, Jack high
Seat 3: JosephO1 showed [Th 4s] and lost with two pair, Jacks and Tens
Seat 4: handbrake333 folded before Flop (didn't bet)
Seat 5: xxxbohunxxx folded before Flop (didn't bet)
Seat 6: El_Vzla (button) folded before Flop (didn't bet)



PokerStars Hand #222982946527:  Hold'em No Limit ($0.05/$0.10 USD) - 2021/01/23 21:23:29 ET
Table 'Fabiola II' 6-max Seat #1 is the button
Seat 1: Bruno Gatin ($6.74 in chips) 
Seat 2: sixcoins ($10.58 in chips) 
Seat 3: JosephO1 ($10.21 in chips) 
Seat 4: handbrake333 ($11.96 in chips) 
Seat 5: xxxbohunxxx ($12.69 in chips) 
Seat 6: El_Vzla ($10 in chips) 
sixcoins: posts small blind $0.05
JosephO1: posts big blind $0.10
*** HOLE CARDS ***
handbrake333: folds 
xxxbohunxxx: folds 
El_Vzla: folds 
Bruno Gatin: folds 
sixcoins: raises $0.20 to $0.30
JosephO1: calls $0.20
*** FLOP *** [Qd Tc Ac]
sixcoins: checks 
JosephO1: bets $0.10
sixcoins: raises $0.50 to $0.60
JosephO1: calls $0.50
*** TURN *** [Qd Tc Ac] [8h]
sixcoins: checks 
JosephO1: bets $0.20
sixcoins: calls $0.20
*** RIVER *** [Qd Tc Ac 8h] [8s]
sixcoins: checks 
JosephO1: bets $1.60
sixcoins: calls $1.60
*** SHOW DOWN ***
JosephO1: shows [Ad 4s] (two pair, Aces and Eights)
sixcoins: mucks hand 
JosephO1 collected $5.16 from pot
*** SUMMARY ***
Total pot $5.40 | Rake $0.24 
Board [Qd Tc Ac 8h 8s]
Seat 1: Bruno Gatin (button) folded before Flop (didn't bet)
Seat 2: sixcoins (small blind) mucked
Seat 3: JosephO1 (big blind) showed [Ad 4s] and won ($5.16) with two pair, Aces and Eights
Seat 4: handbrake333 folded before Flop (didn't bet)
Seat 5: xxxbohunxxx folded before Flop (didn't bet)
Seat 6: El_Vzla folded before Flop (didn't bet)



PokerStars Hand #222982976166:  Hold'em No Limit ($0.05/$0.10 USD) - 2021/01/23 21:24:25 ET
Table 'Fabiola II' 6-max Seat #2 is the button
Seat 1: Bruno Gatin ($6.74 in chips) 
Seat 2: sixcoins ($7.88 in chips) 
Seat 3: JosephO1 ($12.67 in chips) 
Seat 4: handbrake333 ($11.96 in chips) 
Seat 5: xxxbohunxxx ($12.69 in chips) 
Seat 6: El_Vzla ($10 in chips) 
JosephO1: posts small blind $0.05
handbrake333: posts big blind $0.10
*** HOLE CARDS ***
xxxbohunxxx: folds 
El_Vzla: folds 
Bruno Gatin: calls $0.10
sixcoins: folds 
JosephO1: calls $0.05
handbrake333: checks 
*** FLOP *** [5h 6s Kd]
JosephO1: checks 
handbrake333: checks 
Bruno Gatin: checks 
*** TURN *** [5h 6s Kd] [2d]
JosephO1: checks 
handbrake333: checks 
Bruno Gatin: checks 
*** RIVER *** [5h 6s Kd 2d] [Ad]
JosephO1: bets $0.10
handbrake333: folds 
Bruno Gatin: folds 
Uncalled bet ($0.10) returned to JosephO1
JosephO1 collected $0.29 from pot
JosephO1: doesn't show hand 
*** SUMMARY ***
Total pot $0.30 | Rake $0.01 
Board [5h 6s Kd 2d Ad]
Seat 1: Bruno Gatin folded on the River
Seat 2: sixcoins (button) folded before Flop (didn't bet)
Seat 3: JosephO1 (small blind) collected ($0.29)
Seat 4: handbrake333 (big blind) folded on the River
Seat 5: xxxbohunxxx folded before Flop (didn't bet)
Seat 6: El_Vzla folded before Flop (didn't bet)



PokerStars Hand #222982996098:  Hold'em No Limit ($0.05/$0.10 USD) - 2021/01/23 21:25:15 ET
Table 'Fabiola II' 6-max Seat #3 is the button
Seat 1: Bruno Gatin ($6.64 in chips) 
Seat 2: sixcoins ($7.88 in chips) 
Seat 3: JosephO1 ($12.86 in chips) 
Seat 4: handbrake333 ($11.86 in chips) 
Seat 5: xxxbohunxxx ($12.69 in chips) 
Seat 6: El_Vzla ($10 in chips) 
handbrake333: posts small blind $0.05
xxxbohunxxx: posts big blind $0.10
*** HOLE CARDS ***
El_Vzla: folds 
Bruno Gatin: folds 
sixcoins: folds 
JosephO1: calls $0.10
handbrake333: raises $0.20 to $0.30
xxxbohunxxx: folds 
JosephO1: calls $0.20
*** FLOP *** [Js 6h 9s]
handbrake333: checks 
JosephO1: bets $0.10
handbrake333: folds 
Uncalled bet ($0.10) returned to JosephO1
JosephO1 collected $0.67 from pot
JosephO1: doesn't show hand 
*** SUMMARY ***
Total pot $0.70 | Rake $0.03 
Board [Js 6h 9s]
Seat 1: Bruno Gatin folded before Flop (didn't bet)
Seat 2: sixcoins folded before Flop (didn't bet)
Seat 3: JosephO1 (button) collected ($0.67)
Seat 4: handbrake333 (small blind) folded on the Flop
Seat 5: xxxbohunxxx (big blind) folded before Flop
Seat 6: El_Vzla folded before Flop (didn't bet)



PokerStars Hand #222983008253:  Hold'em No Limit ($0.05/$0.10 USD) - 2021/01/23 21:25:46 ET
Table 'Fabiola II' 6-max Seat #4 is the button
Seat 1: Bruno Gatin ($6.64 in chips) 
Seat 2: sixcoins ($7.88 in chips) 
Seat 3: JosephO1 ($13.23 in chips) 
Seat 4: handbrake333 ($11.56 in chips) 
Seat 5: xxxbohunxxx ($12.59 in chips) 
Seat 6: El_Vzla ($10 in chips) 
xxxbohunxxx: posts small blind $0.05
El_Vzla: posts big blind $0.10
*** HOLE CARDS ***
Bruno Gatin: folds 
sixcoins: folds 
JosephO1: calls $0.10
handbrake333: folds 
xxxbohunxxx: folds 
El_Vzla: checks 
*** FLOP *** [3d 2c 6d]
El_Vzla: checks 
JosephO1: bets $0.10
El_Vzla: calls $0.10
*** TURN *** [3d 2c 6d] [Jc]
El_Vzla: checks 
JosephO1: bets $0.10
El_Vzla: raises $0.53 to $0.63
JosephO1: folds 
Uncalled bet ($0.53) returned to El_Vzla
El_Vzla collected $0.62 from pot
El_Vzla: doesn't show hand 
*** SUMMARY ***
Total pot $0.65 | Rake $0.03 
Board [3d 2c 6d Jc]
Seat 1: Bruno Gatin folded before Flop (didn't bet)
Seat 2: sixcoins folded before Flop (didn't bet)
Seat 3: JosephO1 folded on the Turn
Seat 4: handbrake333 (button) folded before Flop (didn't bet)
Seat 5: xxxbohunxxx (small blind) folded before Flop
Seat 6: El_Vzla (big blind) collected ($0.62)



PokerStars Hand #222983031985:  Hold'em No Limit ($0.05/$0.10 USD) - 2021/01/23 21:26:47 ET
Table 'Fabiola II' 6-max Seat #5 is the button
Seat 1: Bruno Gatin ($6.64 in chips) 
Seat 2: sixcoins ($7.88 in chips) 
Seat 3: JosephO1 ($12.93 in chips) 
Seat 4: handbrake333 ($11.56 in chips) 
Seat 5: xxxbohunxxx ($12.54 in chips) 
Seat 6: El_Vzla ($10.32 in chips) 
El_Vzla: posts small blind $0.05
Bruno Gatin: posts big blind $0.10
*** HOLE CARDS ***
sixcoins: folds 
JosephO1: calls $0.10
handbrake333: folds 
xxxbohunxxx: folds 
El_Vzla: raises $0.15 to $0.25
Bruno Gatin: folds 
JosephO1: calls $0.15
*** FLOP *** [3s Th 8d]
El_Vzla: bets $0.36
JosephO1: calls $0.36
*** TURN *** [3s Th 8d] [Ks]
El_Vzla: bets $1.06
JosephO1: folds 
Uncalled bet ($1.06) returned to El_Vzla
El_Vzla collected $1.26 from pot
El_Vzla: doesn't show hand 
*** SUMMARY ***
Total pot $1.32 | Rake $0.06 
Board [3s Th 8d Ks]
Seat 1: Bruno Gatin (big blind) folded before Flop
Seat 2: sixcoins folded before Flop (didn't bet)
Seat 3: JosephO1 folded on the Turn
Seat 4: handbrake333 folded before Flop (didn't bet)
Seat 5: xxxbohunxxx (button) folded before Flop (didn't bet)
Seat 6: El_Vzla (small blind) collected ($1.26)



PokerStars Hand #222983053636:  Hold'em No Limit ($0.05/$0.10 USD) - 2021/01/23 21:27:42 ET
Table 'Fabiola II' 6-max Seat #6 is the button
Seat 1: Bruno Gatin ($6.54 in chips) 
Seat 2: sixcoins ($7.88 in chips) 
Seat 3: JosephO1 ($12.32 in chips) 
Seat 4: handbrake333 ($11.56 in chips) 
Seat 5: xxxbohunxxx ($12.54 in chips) 
Seat 6: El_Vzla ($10.97 in chips) 
Bruno Gatin: posts small blind $0.05
sixcoins: posts big blind $0.10
*** HOLE CARDS ***
JosephO1: calls $0.10
handbrake333: folds 
xxxbohunxxx: folds 
El_Vzla: folds 
Bruno Gatin: folds 
sixcoins: raises $0.20 to $0.30
JosephO1: calls $0.20
*** FLOP *** [4d 4c Th]
sixcoins: checks 
JosephO1: checks 
*** TURN *** [4d 4c Th] [Tc]
sixcoins: checks 
JosephO1: checks 
*** RIVER *** [4d 4c Th Tc] [Qs]
sixcoins: checks 
JosephO1: bets $0.40
sixcoins: calls $0.40
*** SHOW DOWN ***
JosephO1: shows [3d Qd] (two pair, Queens and Tens)
sixcoins: mucks hand 
JosephO1 collected $1.38 from pot
*** SUMMARY ***
Total pot $1.45 | Rake $0.07 
Board [4d 4c Th Tc Qs]
Seat 1: Bruno Gatin (small blind) folded before Flop
Seat 2: sixcoins (big blind) mucked
Seat 3: JosephO1 showed [3d Qd] and won ($1.38) with two pair, Queens and Tens
Seat 4: handbrake333 folded before Flop (didn't bet)
Seat 5: xxxbohunxxx folded before Flop (didn't bet)
Seat 6: El_Vzla (button) folded before Flop (didn't bet)



PokerStars Hand #222983068725:  Hold'em No Limit ($0.05/$0.10 USD) - 2021/01/23 21:28:20 ET
Table 'Fabiola II' 6-max Seat #1 is the button
Seat 1: Bruno Gatin ($6.49 in chips) 
Seat 2: sixcoins ($7.18 in chips) 
Seat 3: JosephO1 ($13 in chips) 
Seat 4: handbrake333 ($11.56 in chips) 
Seat 5: xxxbohunxxx ($12.54 in chips) 
Seat 6: El_Vzla ($10.97 in chips) 
sixcoins: posts small blind $0.05
JosephO1: posts big blind $0.10
*** HOLE CARDS ***
handbrake333: folds 
xxxbohunxxx: raises $0.20 to $0.30
El_Vzla: folds 
Bruno Gatin: folds 
sixcoins: folds 
JosephO1: calls $0.20
*** FLOP *** [Js 9h 5s]
JosephO1: checks 
xxxbohunxxx: checks 
*** TURN *** [Js 9h 5s] [Ac]
JosephO1: checks 
xxxbohunxxx: bets $0.37
JosephO1: calls $0.37
*** RIVER *** [Js 9h 5s Ac] [6h]
JosephO1: checks 
xxxbohunxxx: checks 
*** SHOW DOWN ***
JosephO1: shows [4s Jc] (a pair of Jacks)
xxxbohunxxx: mucks hand 
JosephO1 collected $1.33 from pot
*** SUMMARY ***
Total pot $1.39 | Rake $0.06 
Board [Js 9h 5s Ac 6h]
Seat 1: Bruno Gatin (button) folded before Flop (didn't bet)
Seat 2: sixcoins (small blind) folded before Flop
Seat 3: JosephO1 (big blind) showed [4s Jc] and won ($1.33) with a pair of Jacks
Seat 4: handbrake333 folded before Flop (didn't bet)
Seat 5: xxxbohunxxx mucked
Seat 6: El_Vzla folded before Flop (didn't bet)



PokerStars Hand #222983093467:  Hold'em No Limit ($0.05/$0.10 USD) - 2021/01/23 21:29:23 ET
Table 'Fabiola II' 6-max Seat #2 is the button
Seat 1: Bruno Gatin ($6.49 in chips) 
Seat 2: sixcoins ($7.13 in chips) 
Seat 3: JosephO1 ($13.66 in chips) 
Seat 4: handbrake333 ($11.56 in chips) 
Seat 5: xxxbohunxxx ($11.87 in chips) 
Seat 6: El_Vzla ($10.97 in chips) 
JosephO1: posts small blind $0.05
handbrake333: posts big blind $0.10
*** HOLE CARDS ***
xxxbohunxxx: folds 
El_Vzla: folds 
Bruno Gatin: calls $0.10
sixcoins: raises $0.20 to $0.30
JosephO1: raises $0.20 to $0.50
handbrake333: folds 
Bruno Gatin: folds 
sixcoins: calls $0.20
*** FLOP *** [As 3d 9c]
JosephO1: bets $0.40
sixcoins: calls $0.40
*** TURN *** [As 3d 9c] [9s]
JosephO1: bets $0.60
sixcoins: calls $0.60
*** RIVER *** [As 3d 9c 9s] [5c]
JosephO1: bets $1.90
sixcoins: calls $1.90
*** SHOW DOWN ***
JosephO1: shows [Ah 4h] (two pair, Aces and Nines)
sixcoins: shows [8d Ad] (two pair, Aces and Nines - Eight kicker)
sixcoins collected $6.68 from pot
*** SUMMARY ***
Total pot $7 | Rake $0.32 
Board [As 3d 9c 9s 5c]
Seat 1: Bruno Gatin folded before Flop
Seat 2: sixcoins (button) showed [8d Ad] and won ($6.68) with two pair, Aces and Nines
Seat 3: JosephO1 (small blind) showed [Ah 4h] and lost with two pair, Aces and Nines
Seat 4: handbrake333 (big blind) folded before Flop
Seat 5: xxxbohunxxx folded before Flop (didn't bet)
Seat 6: El_Vzla folded before Flop (didn't bet)



PokerStars Hand #222983118513:  Hold'em No Limit ($0.05/$0.10 USD) - 2021/01/23 21:30:26 ET
Table 'Fabiola II' 6-max Seat #3 is the button
Seat 1: Bruno Gatin ($6.39 in chips) 
Seat 2: sixcoins ($10.41 in chips) 
Seat 3: JosephO1 ($10.26 in chips) 
Seat 4: handbrake333 ($11.46 in chips) 
Seat 5: xxxbohunxxx ($11.87 in chips) 
Seat 6: El_Vzla ($10.97 in chips) 
handbrake333: posts small blind $0.05
xxxbohunxxx: posts big blind $0.10
*** HOLE CARDS ***
El_Vzla: folds 
Bruno Gatin: folds 
sixcoins: folds 
JosephO1: calls $0.10
handbrake333: folds 
xxxbohunxxx: raises $0.30 to $0.40
JosephO1: calls $0.30
*** FLOP *** [6s Ad 7h]
xxxbohunxxx: checks 
JosephO1: checks 
*** TURN *** [6s Ad 7h] [Ts]
xxxbohunxxx: bets $0.41
JosephO1: folds 
Uncalled bet ($0.41) returned to xxxbohunxxx
xxxbohunxxx collected $0.81 from pot
xxxbohunxxx: doesn't show hand 
*** SUMMARY ***
Total pot $0.85 | Rake $0.04 
Board [6s Ad 7h Ts]
Seat 1: Bruno Gatin folded before Flop (didn't bet)
Seat 2: sixcoins folded before Flop (didn't bet)
Seat 3: JosephO1 (button) folded on the Turn
Seat 4: handbrake333 (small blind) folded before Flop
Seat 5: xxxbohunxxx (big blind) collected ($0.81)
Seat 6: El_Vzla folded before Flop (didn't bet)



PokerStars Hand #222983136891:  Hold'em No Limit ($0.05/$0.10 USD) - 2021/01/23 21:31:13 ET
Table 'Fabiola II' 6-max Seat #4 is the button
Seat 1: Bruno Gatin ($6.39 in chips) 
Seat 2: sixcoins ($10.41 in chips) 
Seat 3: JosephO1 ($9.86 in chips) 
Seat 4: handbrake333 ($11.41 in chips) 
Seat 5: xxxbohunxxx ($12.28 in chips) 
Seat 6: El_Vzla ($10.97 in chips) 
xxxbohunxxx: posts small blind $0.05
El_Vzla: posts big blind $0.10
*** HOLE CARDS ***
Bruno Gatin: folds 
sixcoins: folds 
JosephO1: calls $0.10
handbrake333: folds 
xxxbohunxxx: folds 
El_Vzla: checks 
*** FLOP *** [Kd 2h Qs]
El_Vzla: checks 
JosephO1: checks 
*** TURN *** [Kd 2h Qs] [Qd]
El_Vzla: checks 
JosephO1: checks 
*** RIVER *** [Kd 2h Qs Qd] [5d]
El_Vzla: checks 
JosephO1: bets $6.10
El_Vzla: folds 
Uncalled bet ($6.10) returned to JosephO1
JosephO1 collected $0.24 from pot
JosephO1: doesn't show hand 
*** SUMMARY ***
Total pot $0.25 | Rake $0.01 
Board [Kd 2h Qs Qd 5d]
Seat 1: Bruno Gatin folded before Flop (didn't bet)
Seat 2: sixcoins folded before Flop (didn't bet)
Seat 3: JosephO1 collected ($0.24)
Seat 4: handbrake333 (button) folded before Flop (didn't bet)
Seat 5: xxxbohunxxx (small blind) folded before Flop
Seat 6: El_Vzla (big blind) folded on the River



PokerStars Hand #222983153294:  Hold'em No Limit ($0.05/$0.10 USD) - 2021/01/23 21:31:55 ET
Table 'Fabiola II' 6-max Seat #5 is the button
Seat 1: Bruno Gatin ($6.39 in chips) 
Seat 2: sixcoins ($10.41 in chips) 
Seat 3: JosephO1 ($10 in chips) 
Seat 4: handbrake333 ($11.41 in chips) 
Seat 5: xxxbohunxxx ($12.23 in chips) 
Seat 6: El_Vzla ($10.87 in chips) 
El_Vzla: posts small blind $0.05
Bruno Gatin: posts big blind $0.10
*** HOLE CARDS ***
sixcoins: folds 
JosephO1: calls $0.10
handbrake333: folds 
xxxbohunxxx: raises $0.30 to $0.40
El_Vzla: folds 
Bruno Gatin: folds 
JosephO1: calls $0.30
*** FLOP *** [Kc 9h Kh]
JosephO1: checks 
xxxbohunxxx: bets $0.68
JosephO1: folds 
Uncalled bet ($0.68) returned to xxxbohunxxx
xxxbohunxxx collected $0.91 from pot
xxxbohunxxx: doesn't show hand 
*** SUMMARY ***
Total pot $0.95 | Rake $0.04 
Board [Kc 9h Kh]
Seat 1: Bruno Gatin (big blind) folded before Flop
Seat 2: sixcoins folded before Flop (didn't bet)
Seat 3: JosephO1 folded on the Flop
Seat 4: handbrake333 folded before Flop (didn't bet)
Seat 5: xxxbohunxxx (button) collected ($0.91)
Seat 6: El_Vzla (small blind) folded before Flop



PokerStars Hand #222983170685:  Hold'em No Limit ($0.05/$0.10 USD) - 2021/01/23 21:32:39 ET
Table 'Fabiola II' 6-max Seat #6 is the button
Seat 1: Bruno Gatin ($6.29 in chips) 
Seat 2: sixcoins ($10.41 in chips) 
Seat 3: JosephO1 ($9.60 in chips) 
Seat 4: handbrake333 ($11.41 in chips) 
Seat 5: xxxbohunxxx ($12.74 in chips) 
Seat 6: El_Vzla ($10.82 in chips) 
Bruno Gatin: posts small blind $0.05
sixcoins: posts big blind $0.10
*** HOLE CARDS ***
JosephO1: calls $0.10
handbrake333: folds 
xxxbohunxxx: folds 
El_Vzla: folds 
Bruno Gatin: folds 
sixcoins: checks 
*** FLOP *** [Jc 7d 9d]
sixcoins: checks 
JosephO1: bets $0.30
sixcoins: calls $0.30
*** TURN *** [Jc 7d 9d] [Th]
sixcoins: checks 
JosephO1: bets $0.40
sixcoins: calls $0.40
*** RIVER *** [Jc 7d 9d Th] [5h]
sixcoins: checks 
JosephO1: bets $2
sixcoins: folds 
Uncalled bet ($2) returned to JosephO1
JosephO1 collected $1.58 from pot
JosephO1: doesn't show hand 
*** SUMMARY ***
Total pot $1.65 | Rake $0.07 
Board [Jc 7d 9d Th 5h]
Seat 1: Bruno Gatin (small blind) folded before Flop
Seat 2: sixcoins (big blind) folded on the River
Seat 3: JosephO1 collected ($1.58)
Seat 4: handbrake333 folded before Flop (didn't bet)
Seat 5: xxxbohunxxx folded before Flop (didn't bet)
Seat 6: El_Vzla (button) folded before Flop (didn't bet)



PokerStars Hand #222983190171:  Hold'em No Limit ($0.05/$0.10 USD) - 2021/01/23 21:33:28 ET
Table 'Fabiola II' 6-max Seat #1 is the button
Seat 1: Bruno Gatin ($6.24 in chips) 
Seat 2: sixcoins ($9.61 in chips) 
Seat 3: JosephO1 ($10.38 in chips) 
Seat 4: handbrake333 ($11.41 in chips) 
Seat 5: xxxbohunxxx ($12.74 in chips) 
Seat 6: El_Vzla ($10.82 in chips) 
sixcoins: posts small blind $0.05
JosephO1: posts big blind $0.10
*** HOLE CARDS ***
handbrake333: folds 
xxxbohunxxx: folds 
handbrake333 leaves the table
El_Vzla: folds 
Bruno Gatin: folds 
sixcoins: raises $0.20 to $0.30
JosephO1: calls $0.20
*** FLOP *** [Qc 7s Js]
sixcoins: checks 
JosephO1: bets $0.10
SeregaDanger joins the table at seat #4 
sixcoins: calls $0.10
*** TURN *** [Qc 7s Js] [3c]
sixcoins: checks 
JosephO1: checks 
*** RIVER *** [Qc 7s Js 3c] [Ad]
sixcoins: bets $0.30
JosephO1: calls $0.30
*** SHOW DOWN ***
sixcoins: shows [Kh 2c] (high card Ace)
JosephO1: shows [Qd 9h] (a pair of Queens)
JosephO1 collected $1.34 from pot
*** SUMMARY ***
Total pot $1.40 | Rake $0.06 
Board [Qc 7s Js 3c Ad]
Seat 1: Bruno Gatin (button) folded before Flop (didn't bet)
Seat 2: sixcoins (small blind) showed [Kh 2c] and lost with high card Ace
Seat 3: JosephO1 (big blind) showed [Qd 9h] and won ($1.34) with a pair of Queens
Seat 4: handbrake333 folded before Flop (didn't bet)
Seat 5: xxxbohunxxx folded before Flop (didn't bet)
Seat 6: El_Vzla folded before Flop (didn't bet)



PokerStars Hand #222983211648:  Hold'em No Limit ($0.05/$0.10 USD) - 2021/01/23 21:34:17 ET
Table 'Fabiola II' 6-max Seat #2 is the button
Seat 1: Bruno Gatin ($6.24 in chips) 
Seat 2: sixcoins ($8.91 in chips) 
Seat 3: JosephO1 ($11.02 in chips) 
Seat 4: SeregaDanger ($10 in chips) 
Seat 5: xxxbohunxxx ($12.74 in chips) 
Seat 6: El_Vzla ($10.82 in chips) 
JosephO1: posts small blind $0.05
SeregaDanger: posts big blind $0.10
*** HOLE CARDS ***
xxxbohunxxx: folds 
El_Vzla: folds 
Bruno Gatin: calls $0.10
sixcoins: folds 
JosephO1: calls $0.05
SeregaDanger: checks 
*** FLOP *** [3s 5c 8s]
JosephO1: bets $0.30
SeregaDanger: raises $0.45 to $0.75
Bruno Gatin: calls $0.75
JosephO1: calls $0.45
*** TURN *** [3s 5c 8s] [Ad]
JosephO1: checks 
SeregaDanger: checks 
Bruno Gatin: bets $1.22
JosephO1: calls $1.22
SeregaDanger: folds 
*** RIVER *** [3s 5c 8s Ad] [Qc]
JosephO1: checks 
Bruno Gatin: checks 
*** SHOW DOWN ***
JosephO1: shows [5s Js] (a pair of Fives)
Bruno Gatin: shows [Jd Jc] (a pair of Jacks)
Bruno Gatin collected $4.77 from pot
*** SUMMARY ***
Total pot $4.99 | Rake $0.22 
Board [3s 5c 8s Ad Qc]
Seat 1: Bruno Gatin showed [Jd Jc] and won ($4.77) with a pair of Jacks
Seat 2: sixcoins (button) folded before Flop (didn't bet)
Seat 3: JosephO1 (small blind) showed [5s Js] and lost with a pair of Fives
Seat 4: SeregaDanger (big blind) folded on the Turn
Seat 5: xxxbohunxxx folded before Flop (didn't bet)
Seat 6: El_Vzla folded before Flop (didn't bet)



PokerStars Hand #222983239857:  Hold'em No Limit ($0.05/$0.10 USD) - 2021/01/23 21:35:28 ET
Table 'Fabiola II' 6-max Seat #3 is the button
Seat 1: Bruno Gatin ($8.94 in chips) 
Seat 2: sixcoins ($8.91 in chips) 
Seat 3: JosephO1 ($8.95 in chips) 
Seat 4: SeregaDanger ($10 in chips) 
Seat 5: xxxbohunxxx ($12.74 in chips) 
Seat 6: El_Vzla ($10.82 in chips) 
SeregaDanger: posts small blind $0.05
xxxbohunxxx: posts big blind $0.10
*** HOLE CARDS ***
El_Vzla: folds 
Bruno Gatin: calls $0.10
sixcoins: folds 
JosephO1: calls $0.10
SeregaDanger: calls $0.05
xxxbohunxxx: checks 
*** FLOP *** [Qs 3d 2s]
SeregaDanger: checks 
xxxbohunxxx: bets $0.23
Bruno Gatin: folds 
JosephO1: calls $0.23
SeregaDanger: raises $0.55 to $0.78
xxxbohunxxx: folds 
JosephO1: calls $0.55
*** TURN *** [Qs 3d 2s] [5s]
SeregaDanger: bets $1.44
JosephO1: raises $1.44 to $2.88
SeregaDanger: calls $1.44
*** RIVER *** [Qs 3d 2s 5s] [Kd]
SeregaDanger: checks 
JosephO1: bets $5.19 and is all-in
SeregaDanger: calls $5.19
*** SHOW DOWN ***
JosephO1: shows [As 3s] (a flush, Ace high)
SeregaDanger: shows [4s Ks] (a flush, King high)
JosephO1 collected $17.51 from pot
*** SUMMARY ***
Total pot $18.33 | Rake $0.82 
Board [Qs 3d 2s 5s Kd]
Seat 1: Bruno Gatin folded on the Flop
Seat 2: sixcoins folded before Flop (didn't bet)
Seat 3: JosephO1 (button) showed [As 3s] and won ($17.51) with a flush, Ace high
Seat 4: SeregaDanger (small blind) showed [4s Ks] and lost with a flush, King high
Seat 5: xxxbohunxxx (big blind) folded on the Flop
Seat 6: El_Vzla folded before Flop (didn't bet)



PokerStars Hand #222983285980:  Hold'em No Limit ($0.05/$0.10 USD) - 2021/01/23 21:37:24 ET
Table 'Fabiola II' 6-max Seat #4 is the button
Seat 1: Bruno Gatin ($8.84 in chips) 
Seat 2: sixcoins ($8.91 in chips) 
Seat 3: JosephO1 ($17.51 in chips) 
Seat 4: SeregaDanger ($10 in chips) 
Seat 5: xxxbohunxxx ($12.41 in chips) 
xxxbohunxxx: posts small blind $0.05
El_Vzla: is sitting out 
Bruno Gatin: posts big blind $0.10
*** HOLE CARDS ***
El_Vzla leaves the table
sixcoins: raises $0.20 to $0.30
JosephO1: calls $0.30
omarcho9300 joins the table at seat #6 
SeregaDanger: folds 
xxxbohunxxx: folds 
Bruno Gatin: folds 
*** FLOP *** [6d Jh 5s]
sixcoins: checks 
JosephO1: bets $0.10
sixcoins: raises $0.46 to $0.56
JosephO1: calls $0.46
*** TURN *** [6d Jh 5s] [Ts]
sixcoins: checks 
JosephO1: bets $0.50
sixcoins: calls $0.50
*** RIVER *** [6d Jh 5s Ts] [Qc]
sixcoins: checks 
JosephO1: bets $2.80
sixcoins: folds 
Uncalled bet ($2.80) returned to JosephO1
JosephO1 collected $2.74 from pot
JosephO1: doesn't show hand 
*** SUMMARY ***
Total pot $2.87 | Rake $0.13 
Board [6d Jh 5s Ts Qc]
Seat 1: Bruno Gatin (big blind) folded before Flop
Seat 2: sixcoins folded on the River
Seat 3: JosephO1 collected ($2.74)
Seat 4: SeregaDanger (button) folded before Flop (didn't bet)
Seat 5: xxxbohunxxx (small blind) folded before Flop



PokerStars Hand #222983308492:  Hold'em No Limit ($0.05/$0.10 USD) - 2021/01/23 21:38:13 ET
Table 'Fabiola II' 6-max Seat #5 is the button
Seat 1: Bruno Gatin ($8.74 in chips) 
Seat 3: JosephO1 ($18.89 in chips) 
Seat 4: SeregaDanger ($10 in chips) 
Seat 5: xxxbohunxxx ($12.36 in chips) 
Bruno Gatin: posts small blind $0.05
sixcoins: is sitting out 
JosephO1: posts big blind $0.10
*** HOLE CARDS ***
SeregaDanger: folds 
xxxbohunxxx: raises $0.15 to $0.25
Bruno Gatin: folds 
JosephO1: calls $0.15
*** FLOP *** [5h 7c 4s]
sixcoins leaves the table
JosephO1: bets $0.10
xxxbohunxxx: calls $0.10
*** TURN *** [5h 7c 4s] [7s]
JosephO1: bets $0.10
xxxbohunxxx: folds 
Uncalled bet ($0.10) returned to JosephO1
JosephO1 collected $0.72 from pot
JosephO1: doesn't show hand 
*** SUMMARY ***
Total pot $0.75 | Rake $0.03 
Board [5h 7c 4s 7s]
Seat 1: Bruno Gatin (small blind) folded before Flop
Seat 3: JosephO1 (big blind) collected ($0.72)
Seat 4: SeregaDanger folded before Flop (didn't bet)
Seat 5: xxxbohunxxx (button) folded on the Turn



PokerStars Hand #222983323462:  Hold'em No Limit ($0.05/$0.10 USD) - 2021/01/23 21:38:51 ET
Table 'Fabiola II' 6-max Seat #1 is the button
Seat 1: Bruno Gatin ($8.69 in chips) 
Seat 3: JosephO1 ($19.26 in chips) 
Seat 4: SeregaDanger ($10 in chips) 
Seat 5: xxxbohunxxx ($12.01 in chips) 
Dr_Bee10 joins the table at seat #2 
JosephO1: posts small blind $0.05
SeregaDanger: posts big blind $0.10
omarcho9300: sits out 
*** HOLE CARDS ***
xxxbohunxxx: folds 
Bruno Gatin: folds 
JosephO1: calls $0.05
SeregaDanger: checks 
*** FLOP *** [2c 8h 5h]
JosephO1: checks 
SeregaDanger: checks 
*** TURN *** [2c 8h 5h] [7s]
JosephO1: checks 
SeregaDanger: checks 
*** RIVER *** [2c 8h 5h 7s] [4d]
JosephO1: bets $0.40
SeregaDanger: raises $1 to $1.40
JosephO1: folds 
Uncalled bet ($1) returned to SeregaDanger
SeregaDanger collected $0.96 from pot
*** SUMMARY ***
Total pot $1 | Rake $0.04 
Board [2c 8h 5h 7s 4d]
Seat 1: Bruno Gatin (button) folded before Flop (didn't bet)
Seat 3: JosephO1 (small blind) folded on the River
Seat 4: SeregaDanger (big blind) collected ($0.96)
Seat 5: xxxbohunxxx folded before Flop (didn't bet)



PokerStars Hand #222983351264:  Hold'em No Limit ($0.05/$0.10 USD) - 2021/01/23 21:40:02 ET
Table 'Fabiola II' 6-max Seat #3 is the button
Seat 1: Bruno Gatin ($8.69 in chips) 
Seat 2: Dr_Bee10 ($8 in chips) 
Seat 3: JosephO1 ($18.76 in chips) 
Seat 4: SeregaDanger ($10.46 in chips) 
Seat 5: xxxbohunxxx ($12.01 in chips) 
SeregaDanger: posts small blind $0.05
xxxbohunxxx: posts big blind $0.10
omarcho9300: sits out 
Dr_Bee10: posts big blind $0.10
*** HOLE CARDS ***
Bruno Gatin: calls $0.10
Dr_Bee10: checks 
JosephO1: calls $0.10
SeregaDanger: folds 
xxxbohunxxx: checks 
*** FLOP *** [Kh 6c 8c]
xxxbohunxxx: checks 
Bruno Gatin: checks 
Dr_Bee10: checks 
JosephO1: checks 
*** TURN *** [Kh 6c 8c] [5s]
xxxbohunxxx: checks 
Bruno Gatin: checks 
Dr_Bee10: bets $0.30
JosephO1: folds 
xxxbohunxxx: folds 
Bruno Gatin: folds 
Uncalled bet ($0.30) returned to Dr_Bee10
Dr_Bee10 collected $0.43 from pot
Dr_Bee10: doesn't show hand 
*** SUMMARY ***
Total pot $0.45 | Rake $0.02 
Board [Kh 6c 8c 5s]
Seat 1: Bruno Gatin folded on the Turn
Seat 2: Dr_Bee10 collected ($0.43)
Seat 3: JosephO1 (button) folded on the Turn
Seat 4: SeregaDanger (small blind) folded before Flop
Seat 5: xxxbohunxxx (big blind) folded on the Turn



PokerStars Hand #222983381097:  Hold'em No Limit ($0.05/$0.10 USD) - 2021/01/23 21:41:17 ET
Table 'Fabiola II' 6-max Seat #4 is the button
Seat 1: Bruno Gatin ($8.59 in chips) 
Seat 2: Dr_Bee10 ($8.33 in chips) 
Seat 3: JosephO1 ($18.66 in chips) 
Seat 4: SeregaDanger ($10.41 in chips) 
Seat 5: xxxbohunxxx ($11.91 in chips) 
Seat 6: omarcho9300 ($10 in chips) 
xxxbohunxxx: posts small blind $0.05
omarcho9300: posts big blind $0.10
*** HOLE CARDS ***
Bruno Gatin: folds 
Dr_Bee10: folds 
JosephO1: calls $0.10
SeregaDanger: folds 
xxxbohunxxx: folds 
omarcho9300: checks 
*** FLOP *** [Th Tc Qc]
omarcho9300: checks 
JosephO1: checks 
*** TURN *** [Th Tc Qc] [Ts]
omarcho9300: checks 
JosephO1: checks 
*** RIVER *** [Th Tc Qc Ts] [7d]
omarcho9300: bets $0.16
JosephO1: folds 
Uncalled bet ($0.16) returned to omarcho9300
omarcho9300 collected $0.24 from pot
omarcho9300: doesn't show hand 
*** SUMMARY ***
Total pot $0.25 | Rake $0.01 
Board [Th Tc Qc Ts 7d]
Seat 1: Bruno Gatin folded before Flop (didn't bet)
Seat 2: Dr_Bee10 folded before Flop (didn't bet)
Seat 3: JosephO1 folded on the River
Seat 4: SeregaDanger (button) folded before Flop (didn't bet)
Seat 5: xxxbohunxxx (small blind) folded before Flop
Seat 6: omarcho9300 (big blind) collected ($0.24)



PokerStars Hand #222983392743:  Hold'em No Limit ($0.05/$0.10 USD) - 2021/01/23 21:41:47 ET
Table 'Fabiola II' 6-max Seat #5 is the button
Seat 1: Bruno Gatin ($8.59 in chips) 
Seat 2: Dr_Bee10 ($8.33 in chips) 
Seat 3: JosephO1 ($18.56 in chips) 
Seat 4: SeregaDanger ($10.41 in chips) 
Seat 5: xxxbohunxxx ($11.86 in chips) 
Seat 6: omarcho9300 ($10.14 in chips) 
omarcho9300: posts small blind $0.05
Bruno Gatin: posts big blind $0.10
*** HOLE CARDS ***
Dr_Bee10: folds 
JosephO1: calls $0.10
SeregaDanger: folds 
xxxbohunxxx: raises $0.30 to $0.40
omarcho9300: folds 
Bruno Gatin: calls $0.30
JosephO1: calls $0.30
*** FLOP *** [Tc 4d 6s]
Bruno Gatin: bets $0.10
JosephO1: calls $0.10
xxxbohunxxx: calls $0.10
*** TURN *** [Tc 4d 6s] [Jc]
Bruno Gatin: bets $1.48
JosephO1: folds 
xxxbohunxxx: folds 
Uncalled bet ($1.48) returned to Bruno Gatin
Bruno Gatin collected $1.48 from pot
Bruno Gatin: doesn't show hand 
*** SUMMARY ***
Total pot $1.55 | Rake $0.07 
Board [Tc 4d 6s Jc]
Seat 1: Bruno Gatin (big blind) collected ($1.48)
Seat 2: Dr_Bee10 folded before Flop (didn't bet)
Seat 3: JosephO1 folded on the Turn
Seat 4: SeregaDanger folded before Flop (didn't bet)
Seat 5: xxxbohunxxx (button) folded on the Turn
Seat 6: omarcho9300 (small blind) folded before Flop



PokerStars Hand #222983420331:  Hold'em No Limit ($0.05/$0.10 USD) - 2021/01/23 21:42:45 ET
Table 'Fabiola II' 6-max Seat #6 is the button
Seat 1: Bruno Gatin ($9.57 in chips) 
Seat 2: Dr_Bee10 ($8.33 in chips) 
Seat 3: JosephO1 ($18.06 in chips) 
Seat 4: SeregaDanger ($10.41 in chips) 
Seat 5: xxxbohunxxx ($11.36 in chips) 
Seat 6: omarcho9300 ($10.09 in chips) 
Bruno Gatin: posts small blind $0.05
Dr_Bee10: posts big blind $0.10
*** HOLE CARDS ***
JosephO1: calls $0.10
SeregaDanger: folds 
xxxbohunxxx: raises $0.30 to $0.40
omarcho9300: folds 
Bruno Gatin: calls $0.35
Dr_Bee10: calls $0.30
JosephO1: calls $0.30
*** FLOP *** [7h 5d 7s]
Bruno Gatin: checks 
Dr_Bee10: checks 
JosephO1: checks 
xxxbohunxxx: checks 
*** TURN *** [7h 5d 7s] [Ts]
Bruno Gatin: checks 
Dr_Bee10: bets $0.76
JosephO1: folds 
xxxbohunxxx: folds 
Bruno Gatin: folds 
Uncalled bet ($0.76) returned to Dr_Bee10
Dr_Bee10 collected $1.53 from pot
Dr_Bee10: doesn't show hand 
*** SUMMARY ***
Total pot $1.60 | Rake $0.07 
Board [7h 5d 7s Ts]
Seat 1: Bruno Gatin (small blind) folded on the Turn
Seat 2: Dr_Bee10 (big blind) collected ($1.53)
Seat 3: JosephO1 folded on the Turn
Seat 4: SeregaDanger folded before Flop (didn't bet)
Seat 5: xxxbohunxxx folded on the Turn
Seat 6: omarcho9300 (button) folded before Flop (didn't bet)



PokerStars Hand #222984482404:  Hold'em No Limit ($0.05/$0.10 USD) - 2021/01/23 22:30:34 ET
Table 'Fabiola II' 6-max Seat #4 is the button
Seat 1: Robmanhawha ($10.47 in chips) 
Seat 2: matixwhitty ($12.55 in chips) 
Seat 3: JosephO1 ($26.22 in chips) 
Seat 4: SeregaDanger ($11.98 in chips) 
Seat 5: prochessboard ($6.64 in chips) 
Seat 6: TSA958 ($14.51 in chips) 
prochessboard: posts small blind $0.05
TSA958: posts big blind $0.10
*** HOLE CARDS ***
Robmanhawha: folds 
matixwhitty: folds 
JosephO1: raises $0.20 to $0.30
SeregaDanger: calls $0.30
prochessboard: folds 
TSA958: folds 
*** FLOP *** [8d 7d Ad]
JosephO1: bets $0.10
SeregaDanger: raises $0.63 to $0.73
JosephO1: calls $0.63
*** TURN *** [8d 7d Ad] [5h]
JosephO1: checks 
SeregaDanger: bets $1.46
JosephO1: folds 
Uncalled bet ($1.46) returned to SeregaDanger
SeregaDanger collected $2.11 from pot
*** SUMMARY ***
Total pot $2.21 | Rake $0.10 
Board [8d 7d Ad 5h]
Seat 1: Robmanhawha folded before Flop (didn't bet)
Seat 2: matixwhitty folded before Flop (didn't bet)
Seat 3: JosephO1 folded on the Turn
Seat 4: SeregaDanger (button) collected ($2.11)
Seat 5: prochessboard (small blind) folded before Flop
Seat 6: TSA958 (big blind) folded before Flop



PokerStars Hand #222984495587:  Hold'em No Limit ($0.05/$0.10 USD) - 2021/01/23 22:31:12 ET
Table 'Fabiola II' 6-max Seat #5 is the button
Seat 1: Robmanhawha ($10.47 in chips) 
Seat 2: matixwhitty ($12.55 in chips) 
Seat 3: JosephO1 ($25.19 in chips) 
Seat 4: SeregaDanger ($13.06 in chips) 
Seat 5: prochessboard ($6.59 in chips) 
Seat 6: TSA958 ($14.41 in chips) 
TSA958: posts small blind $0.05
Robmanhawha: posts big blind $0.10
*** HOLE CARDS ***
matixwhitty: folds 
JosephO1: calls $0.10
SeregaDanger: folds 
prochessboard: folds 
TSA958: folds 
Robmanhawha: checks 
*** FLOP *** [Jc Ks 7c]
Robmanhawha: bets $0.12
JosephO1: calls $0.12
*** TURN *** [Jc Ks 7c] [Jh]
Robmanhawha: checks 
JosephO1: bets $0.10
Robmanhawha: calls $0.10
*** RIVER *** [Jc Ks 7c Jh] [3s]
Robmanhawha: bets $0.33
JosephO1: raises $4.73 to $5.06
Robmanhawha: folds 
Uncalled bet ($4.73) returned to JosephO1
JosephO1 collected $1.29 from pot
JosephO1: doesn't show hand 
*** SUMMARY ***
Total pot $1.35 | Rake $0.06 
Board [Jc Ks 7c Jh 3s]
Seat 1: Robmanhawha (big blind) folded on the River
Seat 2: matixwhitty folded before Flop (didn't bet)
Seat 3: JosephO1 collected ($1.29)
Seat 4: SeregaDanger folded before Flop (didn't bet)
Seat 5: prochessboard (button) folded before Flop (didn't bet)
Seat 6: TSA958 (small blind) folded before Flop



PokerStars Hand #222984513809:  Hold'em No Limit ($0.05/$0.10 USD) - 2021/01/23 22:32:05 ET
Table 'Fabiola II' 6-max Seat #6 is the button
Seat 1: Robmanhawha ($9.82 in chips) 
Seat 2: matixwhitty ($12.55 in chips) 
Seat 3: JosephO1 ($25.83 in chips) 
Seat 4: SeregaDanger ($13.06 in chips) 
Seat 5: prochessboard ($6.59 in chips) 
Seat 6: TSA958 ($14.36 in chips) 
Robmanhawha: posts small blind $0.05
matixwhitty: posts big blind $0.10
*** HOLE CARDS ***
JosephO1: raises $0.10 to $0.20
SeregaDanger: folds 
prochessboard: folds 
TSA958: folds 
Robmanhawha: folds 
matixwhitty: folds 
Uncalled bet ($0.10) returned to JosephO1
JosephO1 collected $0.25 from pot
JosephO1: doesn't show hand 
*** SUMMARY ***
Total pot $0.25 | Rake $0 
Seat 1: Robmanhawha (small blind) folded before Flop
Seat 2: matixwhitty (big blind) folded before Flop
Seat 3: JosephO1 collected ($0.25)
Seat 4: SeregaDanger folded before Flop (didn't bet)
Seat 5: prochessboard folded before Flop (didn't bet)
Seat 6: TSA958 (button) folded before Flop (didn't bet)



PokerStars Hand #222984518856:  Hold'em No Limit ($0.05/$0.10 USD) - 2021/01/23 22:32:20 ET
Table 'Fabiola II' 6-max Seat #1 is the button
Seat 1: Robmanhawha ($10 in chips) 
Seat 2: matixwhitty ($12.45 in chips) 
Seat 3: JosephO1 ($25.98 in chips) 
Seat 4: SeregaDanger ($13.06 in chips) 
Seat 5: prochessboard ($6.59 in chips) 
Seat 6: TSA958 ($14.36 in chips) 
matixwhitty: posts small blind $0.05
JosephO1: posts big blind $0.10
*** HOLE CARDS ***
SeregaDanger: folds 
prochessboard: folds 
TSA958: raises $0.25 to $0.35
Robmanhawha: calls $0.35
matixwhitty: raises $1.05 to $1.40
JosephO1: calls $1.30
TSA958: folds 
Robmanhawha: folds 
*** FLOP *** [Ks 9c Tc]
matixwhitty: bets $1.67
JosephO1: calls $1.67
*** TURN *** [Ks 9c Tc] [Qh]
matixwhitty: bets $3.26
JosephO1: calls $3.26
*** RIVER *** [Ks 9c Tc Qh] [5h]
matixwhitty: bets $6.12 and is all-in
JosephO1: folds 
Uncalled bet ($6.12) returned to matixwhitty
matixwhitty collected $12.76 from pot
matixwhitty: doesn't show hand 
*** SUMMARY ***
Total pot $13.36 | Rake $0.60 
Board [Ks 9c Tc Qh 5h]
Seat 1: Robmanhawha (button) folded before Flop
Seat 2: matixwhitty (small blind) collected ($12.76)
Seat 3: JosephO1 (big blind) folded on the River
Seat 4: SeregaDanger folded before Flop (didn't bet)
Seat 5: prochessboard folded before Flop (didn't bet)
Seat 6: TSA958 folded before Flop



PokerStars Hand #222984543085:  Hold'em No Limit ($0.05/$0.10 USD) - 2021/01/23 22:33:31 ET
Table 'Fabiola II' 6-max Seat #2 is the button
Seat 1: Robmanhawha ($9.65 in chips) 
Seat 2: matixwhitty ($18.88 in chips) 
Seat 3: JosephO1 ($19.65 in chips) 
Seat 4: SeregaDanger ($13.06 in chips) 
Seat 5: prochessboard ($6.59 in chips) 
Seat 6: TSA958 ($14.01 in chips) 
JosephO1: posts small blind $0.05
SeregaDanger: posts big blind $0.10
*** HOLE CARDS ***
prochessboard: folds 
TSA958: folds 
Robmanhawha: folds 
matixwhitty: folds 
JosephO1: calls $0.05
SeregaDanger: raises $0.25 to $0.35
JosephO1: calls $0.25
*** FLOP *** [Jh 6c 7h]
JosephO1: bets $0.50
SeregaDanger: folds 
Uncalled bet ($0.50) returned to JosephO1
JosephO1 collected $0.67 from pot
JosephO1: doesn't show hand 
*** SUMMARY ***
Total pot $0.70 | Rake $0.03 
Board [Jh 6c 7h]
Seat 1: Robmanhawha folded before Flop (didn't bet)
Seat 2: matixwhitty (button) folded before Flop (didn't bet)
Seat 3: JosephO1 (small blind) collected ($0.67)
Seat 4: SeregaDanger (big blind) folded on the Flop
Seat 5: prochessboard folded before Flop (didn't bet)
Seat 6: TSA958 folded before Flop (didn't bet)



PokerStars Hand #222984551690:  Hold'em No Limit ($0.05/$0.10 USD) - 2021/01/23 22:33:56 ET
Table 'Fabiola II' 6-max Seat #3 is the button
Seat 1: Robmanhawha ($9.65 in chips) 
Seat 2: matixwhitty ($18.88 in chips) 
Seat 3: JosephO1 ($19.97 in chips) 
Seat 4: SeregaDanger ($12.71 in chips) 
Seat 5: prochessboard ($6.59 in chips) 
Seat 6: TSA958 ($14.01 in chips) 
SeregaDanger: posts small blind $0.05
prochessboard: posts big blind $0.10
*** HOLE CARDS ***
TSA958: folds 
Robmanhawha: folds 
matixwhitty: folds 
JosephO1: raises $0.10 to $0.20
SeregaDanger: folds 
prochessboard: calls $0.10
*** FLOP *** [8c Qs 5s]
prochessboard: checks 
JosephO1: checks 
*** TURN *** [8c Qs 5s] [6c]
prochessboard: bets $0.43
JosephO1: calls $0.43
*** RIVER *** [8c Qs 5s 6c] [7h]
prochessboard: bets $0.63
JosephO1: folds 
Uncalled bet ($0.63) returned to prochessboard
prochessboard collected $1.25 from pot
prochessboard: doesn't show hand 
*** SUMMARY ***
Total pot $1.31 | Rake $0.06 
Board [8c Qs 5s 6c 7h]
Seat 1: Robmanhawha folded before Flop (didn't bet)
Seat 2: matixwhitty folded before Flop (didn't bet)
Seat 3: JosephO1 (button) folded on the River
Seat 4: SeregaDanger (small blind) folded before Flop
Seat 5: prochessboard (big blind) collected ($1.25)
Seat 6: TSA958 folded before Flop (didn't bet)



PokerStars Hand #222984570845:  Hold'em No Limit ($0.05/$0.10 USD) - 2021/01/23 22:34:52 ET
Table 'Fabiola II' 6-max Seat #4 is the button
Seat 1: Robmanhawha ($9.65 in chips) 
Seat 2: matixwhitty ($18.88 in chips) 
Seat 3: JosephO1 ($19.34 in chips) 
Seat 4: SeregaDanger ($12.66 in chips) 
Seat 5: prochessboard ($7.21 in chips) 
Seat 6: TSA958 ($14.01 in chips) 
prochessboard: posts small blind $0.05
TSA958: posts big blind $0.10
*** HOLE CARDS ***
Robmanhawha has timed out
Robmanhawha: folds 
matixwhitty: folds 
JosephO1: calls $0.10
SeregaDanger: raises $0.50 to $0.60
prochessboard: folds 
TSA958: folds 
JosephO1: calls $0.50
*** FLOP *** [9c 6c Qs]
JosephO1: bets $1.20
SeregaDanger: calls $1.20
*** TURN *** [9c 6c Qs] [Jh]
JosephO1: bets $1.40
SeregaDanger: raises $4.40 to $5.80
JosephO1: calls $4.40
*** RIVER *** [9c 6c Qs Jh] [Kc]
JosephO1: checks 
SeregaDanger: bets $5.06 and is all-in
JosephO1: calls $5.06
*** SHOW DOWN ***
SeregaDanger: shows [Ks Kh] (three of a kind, Kings)
JosephO1: shows [Qc 2s] (a pair of Queens)
SeregaDanger collected $24.32 from pot
*** SUMMARY ***
Total pot $25.47 | Rake $1.15 
Board [9c 6c Qs Jh Kc]
Seat 1: Robmanhawha folded before Flop (didn't bet)
Seat 2: matixwhitty folded before Flop (didn't bet)
Seat 3: JosephO1 showed [Qc 2s] and lost with a pair of Queens
Seat 4: SeregaDanger (button) showed [Ks Kh] and won ($24.32) with three of a kind, Kings
Seat 5: prochessboard (small blind) folded before Flop
Seat 6: TSA958 (big blind) folded before Flop



PokerStars Hand #222984596978:  Hold'em No Limit ($0.05/$0.10 USD) - 2021/01/23 22:35:51 ET
Table 'Fabiola II' 6-max Seat #5 is the button
Seat 1: Robmanhawha ($9.65 in chips) 
Seat 2: matixwhitty ($18.88 in chips) 
Seat 3: JosephO1 ($6.68 in chips) 
Seat 4: SeregaDanger ($24.32 in chips) 
Seat 5: prochessboard ($7.16 in chips) 
Seat 6: TSA958 ($13.91 in chips) 
TSA958: posts small blind $0.05
Robmanhawha: posts big blind $0.10
*** HOLE CARDS ***
matixwhitty: folds 
JosephO1: raises $0.10 to $0.20
SeregaDanger: calls $0.20
prochessboard: folds 
TSA958: folds 
Robmanhawha: folds 
*** FLOP *** [4s 8h 9s]
JosephO1: bets $0.60
SeregaDanger: folds 
Uncalled bet ($0.60) returned to JosephO1
JosephO1 collected $0.53 from pot
JosephO1: doesn't show hand 
*** SUMMARY ***
Total pot $0.55 | Rake $0.02 
Board [4s 8h 9s]
Seat 1: Robmanhawha (big blind) folded before Flop
Seat 2: matixwhitty folded before Flop (didn't bet)
Seat 3: JosephO1 collected ($0.53)
Seat 4: SeregaDanger folded on the Flop
Seat 5: prochessboard (button) folded before Flop (didn't bet)
Seat 6: TSA958 (small blind) folded before Flop



PokerStars Hand #222984608465:  Hold'em No Limit ($0.05/$0.10 USD) - 2021/01/23 22:36:25 ET
Table 'Fabiola II' 6-max Seat #6 is the button
Seat 1: Robmanhawha ($9.55 in chips) 
Seat 2: matixwhitty ($18.88 in chips) 
Seat 3: JosephO1 ($7.01 in chips) 
Seat 4: SeregaDanger ($24.12 in chips) 
Seat 5: prochessboard ($7.16 in chips) 
Seat 6: TSA958 ($13.86 in chips) 
Robmanhawha: posts small blind $0.05
matixwhitty: posts big blind $0.10
*** HOLE CARDS ***
JosephO1: raises $0.10 to $0.20
SeregaDanger: folds 
prochessboard: calls $0.20
TSA958: folds 
Robmanhawha: calls $0.15
matixwhitty: calls $0.10
*** FLOP *** [Jd 9h 3h]
Robmanhawha: checks 
matixwhitty: checks 
JosephO1: checks 
prochessboard: bets $0.30
Robmanhawha: calls $0.30
matixwhitty: folds 
JosephO1: calls $0.30
*** TURN *** [Jd 9h 3h] [5s]
Robmanhawha: checks 
JosephO1: checks 
prochessboard: checks 
*** RIVER *** [Jd 9h 3h 5s] [2s]
Robmanhawha: checks 
JosephO1: bets $0.50
prochessboard: folds 
Robmanhawha: calls $0.50
*** SHOW DOWN ***
JosephO1: shows [Qd Jc] (a pair of Jacks)
Robmanhawha: mucks hand 
JosephO1 collected $2.58 from pot
*** SUMMARY ***
Total pot $2.70 | Rake $0.12 
Board [Jd 9h 3h 5s 2s]
Seat 1: Robmanhawha (small blind) mucked
Seat 2: matixwhitty (big blind) folded on the Flop
Seat 3: JosephO1 showed [Qd Jc] and won ($2.58) with a pair of Jacks
Seat 4: SeregaDanger folded before Flop (didn't bet)
Seat 5: prochessboard folded on the River
Seat 6: TSA958 (button) folded before Flop (didn't bet)



PokerStars Hand #222984639746:  Hold'em No Limit ($0.05/$0.10 USD) - 2021/01/23 22:37:49 ET
Table 'Fabiola II' 6-max Seat #1 is the button
Seat 1: Robmanhawha ($8.55 in chips) 
Seat 2: matixwhitty ($18.68 in chips) 
Seat 3: JosephO1 ($8.59 in chips) 
Seat 4: SeregaDanger ($24.12 in chips) 
Seat 5: prochessboard ($6.66 in chips) 
Seat 6: TSA958 ($13.86 in chips) 
matixwhitty: posts small blind $0.05
JosephO1: posts big blind $0.10
*** HOLE CARDS ***
SeregaDanger: folds 
prochessboard: raises $0.20 to $0.30
TSA958: folds 
Robmanhawha: folds 
matixwhitty: folds 
JosephO1: calls $0.20
*** FLOP *** [Th 9d 5s]
JosephO1: checks 
prochessboard: checks 
*** TURN *** [Th 9d 5s] [Td]
JosephO1: checks 
prochessboard: bets $0.31
JosephO1: folds 
Uncalled bet ($0.31) returned to prochessboard
prochessboard collected $0.62 from pot
prochessboard: doesn't show hand 
*** SUMMARY ***
Total pot $0.65 | Rake $0.03 
Board [Th 9d 5s Td]
Seat 1: Robmanhawha (button) folded before Flop (didn't bet)
Seat 2: matixwhitty (small blind) folded before Flop
Seat 3: JosephO1 (big blind) folded on the Turn
Seat 4: SeregaDanger folded before Flop (didn't bet)
Seat 5: prochessboard collected ($0.62)
Seat 6: TSA958 folded before Flop (didn't bet)



PokerStars Hand #222984650493:  Hold'em No Limit ($0.05/$0.10 USD) - 2021/01/23 22:38:20 ET
Table 'Fabiola II' 6-max Seat #2 is the button
Seat 1: Robmanhawha ($10 in chips) 
Seat 2: matixwhitty ($18.63 in chips) 
Seat 3: JosephO1 ($8.29 in chips) 
Seat 4: SeregaDanger ($24.12 in chips) 
Seat 5: prochessboard ($6.98 in chips) 
Seat 6: TSA958 ($13.86 in chips) 
JosephO1: posts small blind $0.05
SeregaDanger: posts big blind $0.10
*** HOLE CARDS ***
prochessboard: raises $0.15 to $0.25
TSA958: folds 
Robmanhawha: calls $0.25
matixwhitty: folds 
JosephO1: calls $0.20
SeregaDanger: folds 
*** FLOP *** [7s 9c 4h]
JosephO1: checks 
prochessboard: bets $0.40
Robmanhawha: calls $0.40
JosephO1: calls $0.40
*** TURN *** [7s 9c 4h] [6d]
JosephO1: checks 
prochessboard: bets $0.98
Robmanhawha: folds 
JosephO1: folds 
Uncalled bet ($0.98) returned to prochessboard
prochessboard collected $1.96 from pot
prochessboard: doesn't show hand 
*** SUMMARY ***
Total pot $2.05 | Rake $0.09 
Board [7s 9c 4h 6d]
Seat 1: Robmanhawha folded on the Turn
Seat 2: matixwhitty (button) folded before Flop (didn't bet)
Seat 3: JosephO1 (small blind) folded on the Turn
Seat 4: SeregaDanger (big blind) folded before Flop
Seat 5: prochessboard collected ($1.96)
Seat 6: TSA958 folded before Flop (didn't bet)



PokerStars Hand #222984668512:  Hold'em No Limit ($0.05/$0.10 USD) - 2021/01/23 22:39:14 ET
Table 'Fabiola II' 6-max Seat #3 is the button
Seat 1: Robmanhawha ($9.35 in chips) 
Seat 2: matixwhitty ($18.63 in chips) 
Seat 3: JosephO1 ($7.64 in chips) 
Seat 4: SeregaDanger ($24.02 in chips) 
Seat 5: prochessboard ($8.29 in chips) 
Seat 6: TSA958 ($13.86 in chips) 
SeregaDanger: posts small blind $0.05
prochessboard: posts big blind $0.10
*** HOLE CARDS ***
TSA958: folds 
Robmanhawha: raises $0.20 to $0.30
matixwhitty: folds 
JosephO1: calls $0.30
SeregaDanger: calls $0.25
prochessboard: folds 
*** FLOP *** [Tc 5c 9s]
SeregaDanger: checks 
Robmanhawha: checks 
JosephO1: checks 
*** TURN *** [Tc 5c 9s] [7s]
SeregaDanger: checks 
Robmanhawha: bets $0.60
JosephO1: calls $0.60
SeregaDanger: folds 
*** RIVER *** [Tc 5c 9s 7s] [Kc]
Robmanhawha: bets $1.05
JosephO1: folds 
Uncalled bet ($1.05) returned to Robmanhawha
Robmanhawha collected $2.10 from pot
Robmanhawha: doesn't show hand 
*** SUMMARY ***
Total pot $2.20 | Rake $0.10 
Board [Tc 5c 9s 7s Kc]
Seat 1: Robmanhawha collected ($2.10)
Seat 2: matixwhitty folded before Flop (didn't bet)
Seat 3: JosephO1 (button) folded on the River
Seat 4: SeregaDanger (small blind) folded on the Turn
Seat 5: prochessboard (big blind) folded before Flop
Seat 6: TSA958 folded before Flop (didn't bet)



PokerStars Hand #222984691530:  Hold'em No Limit ($0.05/$0.10 USD) - 2021/01/23 22:40:23 ET
Table 'Fabiola II' 6-max Seat #4 is the button
Seat 1: Robmanhawha ($10.55 in chips) 
Seat 2: matixwhitty ($18.63 in chips) 
Seat 3: JosephO1 ($6.74 in chips) 
Seat 4: SeregaDanger ($23.72 in chips) 
Seat 5: prochessboard ($8.19 in chips) 
Seat 6: TSA958 ($13.86 in chips) 
prochessboard: posts small blind $0.05
TSA958: posts big blind $0.10
*** HOLE CARDS ***
Robmanhawha: folds 
matixwhitty: folds 
JosephO1: calls $0.10
SeregaDanger: folds 
prochessboard: folds 
TSA958: checks 
*** FLOP *** [Qh 2c 3c]
TSA958: checks 
JosephO1: checks 
*** TURN *** [Qh 2c 3c] [4c]
TSA958: checks 
JosephO1: checks 
*** RIVER *** [Qh 2c 3c 4c] [Tc]
TSA958: checks 
JosephO1: checks 
*** SHOW DOWN ***
TSA958: shows [Kd 3d] (a pair of Threes)
JosephO1: shows [8c 5s] (a flush, Ten high)
JosephO1 collected $0.24 from pot
*** SUMMARY ***
Total pot $0.25 | Rake $0.01 
Board [Qh 2c 3c 4c Tc]
Seat 1: Robmanhawha folded before Flop (didn't bet)
Seat 2: matixwhitty folded before Flop (didn't bet)
Seat 3: JosephO1 showed [8c 5s] and won ($0.24) with a flush, Ten high
Seat 4: SeregaDanger (button) folded before Flop (didn't bet)
Seat 5: prochessboard (small blind) folded before Flop
Seat 6: TSA958 (big blind) showed [Kd 3d] and lost with a pair of Threes



PokerStars Hand #222984699956:  Hold'em No Limit ($0.05/$0.10 USD) - 2021/01/23 22:40:48 ET
Table 'Fabiola II' 6-max Seat #5 is the button
Seat 1: Robmanhawha ($10.55 in chips) 
Seat 2: matixwhitty ($18.63 in chips) 
Seat 3: JosephO1 ($6.88 in chips) 
Seat 4: SeregaDanger ($23.72 in chips) 
Seat 5: prochessboard ($8.14 in chips) 
Seat 6: TSA958 ($13.76 in chips) 
TSA958: posts small blind $0.05
Robmanhawha: posts big blind $0.10
*** HOLE CARDS ***
matixwhitty: folds 
JosephO1: calls $0.10
SeregaDanger: folds 
prochessboard: folds 
TSA958: calls $0.05
Robmanhawha: checks 
*** FLOP *** [Js 3c Ks]
TSA958: checks 
Robmanhawha: bets $0.15
JosephO1: calls $0.15
TSA958: folds 
*** TURN *** [Js 3c Ks] [3d]
Robmanhawha: bets $0.29
JosephO1: calls $0.29
*** RIVER *** [Js 3c Ks 3d] [4h]
Robmanhawha: bets $0.57
JosephO1: folds 
Uncalled bet ($0.57) returned to Robmanhawha
Robmanhawha collected $1.13 from pot
Robmanhawha: doesn't show hand 
*** SUMMARY ***
Total pot $1.18 | Rake $0.05 
Board [Js 3c Ks 3d 4h]
Seat 1: Robmanhawha (big blind) collected ($1.13)
Seat 2: matixwhitty folded before Flop (didn't bet)
Seat 3: JosephO1 folded on the River
Seat 4: SeregaDanger folded before Flop (didn't bet)
Seat 5: prochessboard (button) folded before Flop (didn't bet)
Seat 6: TSA958 (small blind) folded on the Flop



PokerStars Hand #222984717954:  Hold'em No Limit ($0.05/$0.10 USD) - 2021/01/23 22:41:43 ET
Table 'Fabiola II' 6-max Seat #6 is the button
Seat 1: Robmanhawha ($11.14 in chips) 
Seat 2: matixwhitty ($18.63 in chips) 
Seat 3: JosephO1 ($6.34 in chips) 
Seat 4: SeregaDanger ($23.72 in chips) 
Seat 5: prochessboard ($8.14 in chips) 
Seat 6: TSA958 ($13.66 in chips) 
Robmanhawha: posts small blind $0.05
matixwhitty: posts big blind $0.10
*** HOLE CARDS ***
JosephO1: calls $0.10
SeregaDanger: folds 
prochessboard: folds 
TSA958: folds 
Robmanhawha: folds 
matixwhitty: checks 
*** FLOP *** [Qs 9s 7d]
matixwhitty: checks 
JosephO1: checks 
*** TURN *** [Qs 9s 7d] [Ac]
matixwhitty: checks 
JosephO1: checks 
*** RIVER *** [Qs 9s 7d Ac] [Ad]
matixwhitty: bets $0.24
JosephO1: folds 
Uncalled bet ($0.24) returned to matixwhitty
matixwhitty collected $0.24 from pot
matixwhitty: doesn't show hand 
*** SUMMARY ***
Total pot $0.25 | Rake $0.01 
Board [Qs 9s 7d Ac Ad]
Seat 1: Robmanhawha (small blind) folded before Flop
Seat 2: matixwhitty (big blind) collected ($0.24)
Seat 3: JosephO1 folded on the River
Seat 4: SeregaDanger folded before Flop (didn't bet)
Seat 5: prochessboard folded before Flop (didn't bet)
Seat 6: TSA958 (button) folded before Flop (didn't bet)



PokerStars Hand #222983445592:  Hold'em No Limit ($0.05/$0.10 USD) - 2021/01/23 21:43:50 ET
Table 'Fabiola II' 6-max Seat #1 is the button
Seat 1: Bruno Gatin ($9.17 in chips) 
Seat 2: Dr_Bee10 ($9.46 in chips) 
Seat 3: JosephO1 ($17.66 in chips) 
Seat 4: SeregaDanger ($10.41 in chips) 
Seat 5: xxxbohunxxx ($10.96 in chips) 
Seat 6: omarcho9300 ($10.09 in chips) 
Dr_Bee10: posts small blind $0.05
JosephO1: posts big blind $0.10
*** HOLE CARDS ***
SeregaDanger: folds 
xxxbohunxxx: folds 
omarcho9300: folds 
Bruno Gatin has timed out
Bruno Gatin: folds 
Dr_Bee10: calls $0.05
JosephO1: checks 
*** FLOP *** [Qh 4d 8d]
Bruno Gatin leaves the table
Dr_Bee10: checks 
JosephO1: bets $0.10
Dr_Bee10: folds 
Uncalled bet ($0.10) returned to JosephO1
JosephO1 collected $0.19 from pot
JosephO1: doesn't show hand 
*** SUMMARY ***
Total pot $0.20 | Rake $0.01 
Board [Qh 4d 8d]
Seat 1: Bruno Gatin (button) folded before Flop (didn't bet)
Seat 2: Dr_Bee10 (small blind) folded on the Flop
Seat 3: JosephO1 (big blind) collected ($0.19)
Seat 4: SeregaDanger folded before Flop (didn't bet)
Seat 5: xxxbohunxxx folded before Flop (didn't bet)
Seat 6: omarcho9300 folded before Flop (didn't bet)



PokerStars Hand #222983458392:  Hold'em No Limit ($0.05/$0.10 USD) - 2021/01/23 21:44:23 ET
Table 'Fabiola II' 6-max Seat #2 is the button
Seat 2: Dr_Bee10 ($9.36 in chips) 
Seat 3: JosephO1 ($17.75 in chips) 
Seat 4: SeregaDanger ($10.41 in chips) 
Seat 5: xxxbohunxxx ($10.96 in chips) 
Seat 6: omarcho9300 ($10.09 in chips) 
JosephO1: posts small blind $0.05
SeregaDanger: posts big blind $0.10
*** HOLE CARDS ***
xxxbohunxxx: folds 
omarcho9300: folds 
Dr_Bee10: folds 
JosephO1: calls $0.05
SeregaDanger: checks 
*** FLOP *** [Kc Qd 4c]
JosephO1: checks 
SeregaDanger: bets $0.10
JosephO1: calls $0.10
*** TURN *** [Kc Qd 4c] [Qs]
JosephO1: checks 
SeregaDanger: checks 
*** RIVER *** [Kc Qd 4c Qs] [Th]
JosephO1: checks 
SeregaDanger: bets $0.19
JosephO1: calls $0.19
*** SHOW DOWN ***
SeregaDanger: shows [8h 7d] (a pair of Queens)
JosephO1: shows [4s Ts] (two pair, Queens and Tens)
JosephO1 collected $0.74 from pot
*** SUMMARY ***
Total pot $0.78 | Rake $0.04 
Board [Kc Qd 4c Qs Th]
Seat 2: Dr_Bee10 (button) folded before Flop (didn't bet)
Seat 3: JosephO1 (small blind) showed [4s Ts] and won ($0.74) with two pair, Queens and Tens
Seat 4: SeregaDanger (big blind) showed [8h 7d] and lost with a pair of Queens
Seat 5: xxxbohunxxx folded before Flop (didn't bet)
Seat 6: omarcho9300 folded before Flop (didn't bet)



PokerStars Hand #222983471192:  Hold'em No Limit ($0.05/$0.10 USD) - 2021/01/23 21:44:56 ET
Table 'Fabiola II' 6-max Seat #3 is the button
Seat 2: Dr_Bee10 ($9.36 in chips) 
Seat 3: JosephO1 ($18.10 in chips) 
Seat 4: SeregaDanger ($10.02 in chips) 
Seat 5: xxxbohunxxx ($10.96 in chips) 
Seat 6: omarcho9300 ($10.09 in chips) 
SeregaDanger: posts small blind $0.05
xxxbohunxxx: posts big blind $0.10
*** HOLE CARDS ***
omarcho9300: folds 
akpjam joins the table at seat #1 
Dr_Bee10: raises $0.20 to $0.30
JosephO1: calls $0.30
omarcho9300 leaves the table
SeregaDanger: folds 
xxxbohunxxx: folds 
*** FLOP *** [2c 3h Kc]
Dr_Bee10: bets $0.36
JosephO1: calls $0.36
*** TURN *** [2c 3h Kc] [Td]
Dr_Bee10: bets $0.70
JosephO1: calls $0.70
*** RIVER *** [2c 3h Kc Td] [5s]
Dr_Bee10: checks 
JosephO1: bets $0.70
Dr_Bee10: calls $0.70
*** SHOW DOWN ***
JosephO1: shows [Kd 7h] (a pair of Kings)
Dr_Bee10: mucks hand 
JosephO1 collected $4.08 from pot
*** SUMMARY ***
Total pot $4.27 | Rake $0.19 
Board [2c 3h Kc Td 5s]
Seat 2: Dr_Bee10 mucked
Seat 3: JosephO1 (button) showed [Kd 7h] and won ($4.08) with a pair of Kings
Seat 4: SeregaDanger (small blind) folded before Flop
Seat 5: xxxbohunxxx (big blind) folded before Flop
Seat 6: omarcho9300 folded before Flop (didn't bet)



PokerStars Hand #222983485136:  Hold'em No Limit ($0.05/$0.10 USD) - 2021/01/23 21:45:32 ET
Table 'Fabiola II' 6-max Seat #4 is the button
Seat 1: akpjam ($10 in chips) 
Seat 2: Dr_Bee10 ($7.30 in chips) 
Seat 3: JosephO1 ($20.12 in chips) 
Seat 4: SeregaDanger ($10 in chips) 
Seat 5: xxxbohunxxx ($10.86 in chips) 
xxxbohunxxx: posts small blind $0.05
akpjam: posts big blind $0.10
*** HOLE CARDS ***
Dr_Bee10: folds 
JosephO1: calls $0.10
SeregaDanger: folds 
xxxbohunxxx: folds 
akpjam: checks 
*** FLOP *** [Jd 5d 3s]
akpjam: checks 
JosephO1: bets $0.20
Angie Senpai joins the table at seat #6 
akpjam: calls $0.20
*** TURN *** [Jd 5d 3s] [2h]
akpjam: checks 
JosephO1: bets $0.10
akpjam: calls $0.10
*** RIVER *** [Jd 5d 3s 2h] [As]
akpjam: checks 
JosephO1: bets $1.90
akpjam: raises $3.10 to $5
JosephO1: calls $3.10
*** SHOW DOWN ***
akpjam: shows [Qd Ad] (a pair of Aces)
JosephO1: shows [7s 4c] (a straight, Ace to Five)
JosephO1 collected $10.36 from pot
*** SUMMARY ***
Total pot $10.85 | Rake $0.49 
Board [Jd 5d 3s 2h As]
Seat 1: akpjam (big blind) showed [Qd Ad] and lost with a pair of Aces
Seat 2: Dr_Bee10 folded before Flop (didn't bet)
Seat 3: JosephO1 showed [7s 4c] and won ($10.36) with a straight, Ace to Five
Seat 4: SeregaDanger (button) folded before Flop (didn't bet)
Seat 5: xxxbohunxxx (small blind) folded before Flop



PokerStars Hand #222983508375:  Hold'em No Limit ($0.05/$0.10 USD) - 2021/01/23 21:46:32 ET
Table 'Fabiola II' 6-max Seat #5 is the button
Seat 1: akpjam ($4.60 in chips) 
Seat 2: Dr_Bee10 ($7.30 in chips) 
Seat 3: JosephO1 ($25.08 in chips) 
Seat 4: SeregaDanger ($10 in chips) 
Seat 5: xxxbohunxxx ($10.81 in chips) 
akpjam: posts small blind $0.05
Dr_Bee10: posts big blind $0.10
*** HOLE CARDS ***
JosephO1: calls $0.10
SeregaDanger: folds 
xxxbohunxxx: folds 
akpjam: calls $0.05
Dr_Bee10: checks 
*** FLOP *** [8s 8h 5d]
akpjam: checks 
Dr_Bee10: bets $0.14
JosephO1: calls $0.14
akpjam: calls $0.14
*** TURN *** [8s 8h 5d] [Tc]
akpjam: checks 
Dr_Bee10: checks 
JosephO1: bets $0.10
akpjam: folds 
Dr_Bee10: calls $0.10
*** RIVER *** [8s 8h 5d Tc] [2d]
Dr_Bee10: checks 
JosephO1: checks 
*** SHOW DOWN ***
Dr_Bee10: shows [3s 3d] (two pair, Eights and Threes)
JosephO1: mucks hand 
Dr_Bee10 collected $0.88 from pot
*** SUMMARY ***
Total pot $0.92 | Rake $0.04 
Board [8s 8h 5d Tc 2d]
Seat 1: akpjam (small blind) folded on the Turn
Seat 2: Dr_Bee10 (big blind) showed [3s 3d] and won ($0.88) with two pair, Eights and Threes
Seat 3: JosephO1 mucked
Seat 4: SeregaDanger folded before Flop (didn't bet)
Seat 5: xxxbohunxxx (button) folded before Flop (didn't bet)



PokerStars Hand #222983528039:  Hold'em No Limit ($0.05/$0.10 USD) - 2021/01/23 21:47:23 ET
Table 'Fabiola II' 6-max Seat #1 is the button
Seat 1: akpjam ($4.36 in chips) 
Seat 2: Dr_Bee10 ($7.84 in chips) 
Seat 3: JosephO1 ($24.74 in chips) 
Seat 4: SeregaDanger ($10 in chips) 
Seat 5: xxxbohunxxx ($10.81 in chips) 
Dr_Bee10: posts small blind $0.05
JosephO1: posts big blind $0.10
Angie Senpai: sits out 
*** HOLE CARDS ***
SeregaDanger: folds 
xxxbohunxxx: folds 
akpjam: calls $0.10
Dr_Bee10: calls $0.05
JosephO1: checks 
*** FLOP *** [8h 7c 3h]
Dr_Bee10: checks 
JosephO1: checks 
akpjam: bets $0.29
Dr_Bee10: folds 
JosephO1: calls $0.29
*** TURN *** [8h 7c 3h] [9c]
JosephO1: checks 
akpjam: bets $0.84
JosephO1: folds 
Uncalled bet ($0.84) returned to akpjam
akpjam collected $0.84 from pot
*** SUMMARY ***
Total pot $0.88 | Rake $0.04 
Board [8h 7c 3h 9c]
Seat 1: akpjam (button) collected ($0.84)
Seat 2: Dr_Bee10 (small blind) folded on the Flop
Seat 3: JosephO1 (big blind) folded on the Turn
Seat 4: SeregaDanger folded before Flop (didn't bet)
Seat 5: xxxbohunxxx folded before Flop (didn't bet)



PokerStars Hand #222983548081:  Hold'em No Limit ($0.05/$0.10 USD) - 2021/01/23 21:48:15 ET
Table 'Fabiola II' 6-max Seat #2 is the button
Seat 1: akpjam ($4.81 in chips) 
Seat 2: Dr_Bee10 ($7.74 in chips) 
Seat 3: JosephO1 ($24.35 in chips) 
Seat 4: SeregaDanger ($10 in chips) 
Seat 5: xxxbohunxxx ($10.81 in chips) 
JosephO1: posts small blind $0.05
SeregaDanger: posts big blind $0.10
Angie Senpai: sits out 
*** HOLE CARDS ***
xxxbohunxxx: folds 
akpjam: folds 
Dr_Bee10: calls $0.10
JosephO1: calls $0.05
SeregaDanger: checks 
*** FLOP *** [Qd 8s Ks]
JosephO1: bets $1
SeregaDanger: folds 
Dr_Bee10: folds 
Uncalled bet ($1) returned to JosephO1
JosephO1 collected $0.29 from pot
JosephO1: doesn't show hand 
*** SUMMARY ***
Total pot $0.30 | Rake $0.01 
Board [Qd 8s Ks]
Seat 1: akpjam folded before Flop (didn't bet)
Seat 2: Dr_Bee10 (button) folded on the Flop
Seat 3: JosephO1 (small blind) collected ($0.29)
Seat 4: SeregaDanger (big blind) folded on the Flop
Seat 5: xxxbohunxxx folded before Flop (didn't bet)



PokerStars Hand #222983560238:  Hold'em No Limit ($0.05/$0.10 USD) - 2021/01/23 21:48:47 ET
Table 'Fabiola II' 6-max Seat #3 is the button
Seat 1: akpjam ($4.81 in chips) 
Seat 2: Dr_Bee10 ($7.64 in chips) 
Seat 3: JosephO1 ($24.54 in chips) 
Seat 4: SeregaDanger ($10 in chips) 
Seat 5: xxxbohunxxx ($10.81 in chips) 
SeregaDanger: posts small blind $0.05
xxxbohunxxx: posts big blind $0.10
Angie Senpai: sits out 
*** HOLE CARDS ***
akpjam: calls $0.10
Dr_Bee10: raises $0.30 to $0.40
JosephO1: calls $0.40
SeregaDanger: folds 
xxxbohunxxx: folds 
akpjam: calls $0.30
*** FLOP *** [4c 3h 7s]
akpjam: bets $0.64
Dr_Bee10: folds 
JosephO1: raises $0.64 to $1.28
akpjam: calls $0.64
*** TURN *** [4c 3h 7s] [5d]
akpjam: bets $3.13 and is all-in
JosephO1: calls $3.13
*** RIVER *** [4c 3h 7s 5d] [Ts]
*** SHOW DOWN ***
akpjam: shows [3d Ad] (a pair of Threes)
JosephO1: shows [5s 6h] (a straight, Three to Seven)
JosephO1 collected $9.71 from pot
*** SUMMARY ***
Total pot $10.17 | Rake $0.46 
Board [4c 3h 7s 5d Ts]
Seat 1: akpjam showed [3d Ad] and lost with a pair of Threes
Seat 2: Dr_Bee10 folded on the Flop
Seat 3: JosephO1 (button) showed [5s 6h] and won ($9.71) with a straight, Three to Seven
Seat 4: SeregaDanger (small blind) folded before Flop
Seat 5: xxxbohunxxx (big blind) folded before Flop



PokerStars Hand #222983585768:  Hold'em No Limit ($0.05/$0.10 USD) - 2021/01/23 21:49:42 ET
Table 'Fabiola II' 6-max Seat #4 is the button
Seat 2: Dr_Bee10 ($7.24 in chips) 
Seat 3: JosephO1 ($29.44 in chips) 
Seat 4: SeregaDanger ($10 in chips) 
Seat 5: xxxbohunxxx ($10.71 in chips) 
Seat 6: Angie Senpai ($10 in chips) 
xxxbohunxxx: posts small blind $0.05
Angie Senpai: posts big blind $0.10
*** HOLE CARDS ***
Dr_Bee10: folds 
JosephO1: calls $0.10
SeregaDanger: raises $0.30 to $0.40
xxxbohunxxx: folds 
Angie Senpai: folds 
JosephO1: calls $0.30
*** FLOP *** [6h Td 5h]
JosephO1: bets $0.10
akpjam leaves the table
SeregaDanger: raises $0.77 to $0.87
JosephO1: calls $0.77
*** TURN *** [6h Td 5h] [3h]
JosephO1: checks 
Robmanhawha joins the table at seat #1 
SeregaDanger: bets $1.31
JosephO1: folds 
Uncalled bet ($1.31) returned to SeregaDanger
SeregaDanger collected $2.57 from pot
*** SUMMARY ***
Total pot $2.69 | Rake $0.12 
Board [6h Td 5h 3h]
Seat 2: Dr_Bee10 folded before Flop (didn't bet)
Seat 3: JosephO1 folded on the Turn
Seat 4: SeregaDanger (button) collected ($2.57)
Seat 5: xxxbohunxxx (small blind) folded before Flop
Seat 6: Angie Senpai (big blind) folded before Flop



PokerStars Hand #222983604101:  Hold'em No Limit ($0.05/$0.10 USD) - 2021/01/23 21:50:30 ET
Table 'Fabiola II' 6-max Seat #5 is the button
Seat 1: Robmanhawha ($10 in chips) 
Seat 2: Dr_Bee10 ($7.24 in chips) 
Seat 3: JosephO1 ($28.17 in chips) 
Seat 4: SeregaDanger ($11.30 in chips) 
Seat 5: xxxbohunxxx ($10.66 in chips) 
Seat 6: Angie Senpai ($10 in chips) 
Angie Senpai: posts small blind $0.05
Robmanhawha: posts big blind $0.10
*** HOLE CARDS ***
Dr_Bee10: raises $0.20 to $0.30
JosephO1: calls $0.30
SeregaDanger: folds 
xxxbohunxxx: folds 
Angie Senpai: folds 
Robmanhawha: folds 
*** FLOP *** [6h 4s 2h]
Dr_Bee10: bets $0.36
JosephO1: calls $0.36
*** TURN *** [6h 4s 2h] [5s]
Dr_Bee10: checks 
JosephO1: checks 
*** RIVER *** [6h 4s 2h 5s] [Kd]
Dr_Bee10: bets $0.70
JosephO1: folds 
Uncalled bet ($0.70) returned to Dr_Bee10
Dr_Bee10 collected $1.40 from pot
Dr_Bee10: doesn't show hand 
*** SUMMARY ***
Total pot $1.47 | Rake $0.07 
Board [6h 4s 2h 5s Kd]
Seat 1: Robmanhawha (big blind) folded before Flop
Seat 2: Dr_Bee10 collected ($1.40)
Seat 3: JosephO1 folded on the River
Seat 4: SeregaDanger folded before Flop (didn't bet)
Seat 5: xxxbohunxxx (button) folded before Flop (didn't bet)
Seat 6: Angie Senpai (small blind) folded before Flop



PokerStars Hand #222983617026:  Hold'em No Limit ($0.05/$0.10 USD) - 2021/01/23 21:51:05 ET
Table 'Fabiola II' 6-max Seat #6 is the button
Seat 1: Robmanhawha ($9.90 in chips) 
Seat 2: Dr_Bee10 ($7.98 in chips) 
Seat 3: JosephO1 ($27.51 in chips) 
Seat 4: SeregaDanger ($11.30 in chips) 
Seat 5: xxxbohunxxx ($10.66 in chips) 
Seat 6: Angie Senpai ($10 in chips) 
Robmanhawha: posts small blind $0.05
Dr_Bee10: posts big blind $0.10
*** HOLE CARDS ***
JosephO1: calls $0.10
SeregaDanger: raises $0.40 to $0.50
xxxbohunxxx: folds 
Angie Senpai: folds 
Robmanhawha: folds 
Dr_Bee10: folds 
JosephO1: calls $0.40
*** FLOP *** [4s 2s 9h]
JosephO1: checks 
SeregaDanger: bets $0.56
JosephO1: calls $0.56
*** TURN *** [4s 2s 9h] [Ah]
JosephO1: checks 
SeregaDanger: bets $1.50
JosephO1: folds 
Uncalled bet ($1.50) returned to SeregaDanger
SeregaDanger collected $2.17 from pot
*** SUMMARY ***
Total pot $2.27 | Rake $0.10 
Board [4s 2s 9h Ah]
Seat 1: Robmanhawha (small blind) folded before Flop
Seat 2: Dr_Bee10 (big blind) folded before Flop
Seat 3: JosephO1 folded on the Turn
Seat 4: SeregaDanger collected ($2.17)
Seat 5: xxxbohunxxx folded before Flop (didn't bet)
Seat 6: Angie Senpai (button) folded before Flop (didn't bet)



PokerStars Hand #222983638384:  Hold'em No Limit ($0.05/$0.10 USD) - 2021/01/23 21:51:42 ET
Table 'Fabiola II' 6-max Seat #1 is the button
Seat 1: Robmanhawha ($9.85 in chips) 
Seat 2: Dr_Bee10 ($7.88 in chips) 
Seat 3: JosephO1 ($26.45 in chips) 
Seat 4: SeregaDanger ($12.41 in chips) 
Seat 5: xxxbohunxxx ($10.66 in chips) 
Seat 6: Angie Senpai ($10 in chips) 
Dr_Bee10: posts small blind $0.05
JosephO1: posts big blind $0.10
*** HOLE CARDS ***
SeregaDanger: folds 
xxxbohunxxx: folds 
Angie Senpai: folds 
Robmanhawha: folds 
Dr_Bee10: folds 
Uncalled bet ($0.05) returned to JosephO1
JosephO1 collected $0.10 from pot
JosephO1: doesn't show hand 
*** SUMMARY ***
Total pot $0.10 | Rake $0 
Seat 1: Robmanhawha (button) folded before Flop (didn't bet)
Seat 2: Dr_Bee10 (small blind) folded before Flop
Seat 3: JosephO1 (big blind) collected ($0.10)
Seat 4: SeregaDanger folded before Flop (didn't bet)
Seat 5: xxxbohunxxx folded before Flop (didn't bet)
Seat 6: Angie Senpai folded before Flop (didn't bet)



PokerStars Hand #222983641285:  Hold'em No Limit ($0.05/$0.10 USD) - 2021/01/23 21:51:50 ET
Table 'Fabiola II' 6-max Seat #2 is the button
Seat 1: Robmanhawha ($9.85 in chips) 
Seat 2: Dr_Bee10 ($7.83 in chips) 
Seat 3: JosephO1 ($26.50 in chips) 
Seat 4: SeregaDanger ($12.41 in chips) 
Seat 5: xxxbohunxxx ($10.66 in chips) 
Seat 6: Angie Senpai ($10 in chips) 
JosephO1: posts small blind $0.05
SeregaDanger: posts big blind $0.10
*** HOLE CARDS ***
xxxbohunxxx: raises $0.20 to $0.30
Angie Senpai: folds 
Robmanhawha: folds 
Dr_Bee10: calls $0.30
JosephO1: calls $0.25
SeregaDanger: folds 
*** FLOP *** [2s 2h Qc]
JosephO1: bets $0.10
xxxbohunxxx: calls $0.10
Dr_Bee10: calls $0.10
*** TURN *** [2s 2h Qc] [3d]
JosephO1: bets $0.10
xxxbohunxxx: folds 
Dr_Bee10: calls $0.10
*** RIVER *** [2s 2h Qc 3d] [Kh]
JosephO1: checks 
Dr_Bee10: checks 
*** SHOW DOWN ***
JosephO1: shows [As Qh] (two pair, Queens and Deuces)
Dr_Bee10: mucks hand 
JosephO1 collected $1.43 from pot
*** SUMMARY ***
Total pot $1.50 | Rake $0.07 
Board [2s 2h Qc 3d Kh]
Seat 1: Robmanhawha folded before Flop (didn't bet)
Seat 2: Dr_Bee10 (button) mucked
Seat 3: JosephO1 (small blind) showed [As Qh] and won ($1.43) with two pair, Queens and Deuces
Seat 4: SeregaDanger (big blind) folded before Flop
Seat 5: xxxbohunxxx folded on the Turn
Seat 6: Angie Senpai folded before Flop (didn't bet)



PokerStars Hand #222983662633:  Hold'em No Limit ($0.05/$0.10 USD) - 2021/01/23 21:52:46 ET
Table 'Fabiola II' 6-max Seat #3 is the button
Seat 1: Robmanhawha ($9.85 in chips) 
Seat 2: Dr_Bee10 ($7.33 in chips) 
Seat 3: JosephO1 ($27.43 in chips) 
Seat 4: SeregaDanger ($12.31 in chips) 
Seat 5: xxxbohunxxx ($10.26 in chips) 
Seat 6: Angie Senpai ($10 in chips) 
SeregaDanger: posts small blind $0.05
xxxbohunxxx: posts big blind $0.10
*** HOLE CARDS ***
Angie Senpai: folds 
Robmanhawha: raises $0.20 to $0.30
Dr_Bee10: folds 
JosephO1: calls $0.30
SeregaDanger: calls $0.25
xxxbohunxxx: folds 
*** FLOP *** [8s Kd 7d]
SeregaDanger: checks 
Dr_Bee10 leaves the table
Robmanhawha: checks 
JosephO1: bets $0.30
SeregaDanger: raises $0.80 to $1.10
matixwhitty joins the table at seat #2 
Robmanhawha: folds 
JosephO1: calls $0.80
*** TURN *** [8s Kd 7d] [Qh]
SeregaDanger: bets $1.56
JosephO1: calls $1.56
*** RIVER *** [8s Kd 7d Qh] [7h]
SeregaDanger: checks 
JosephO1: bets $4
SeregaDanger: folds 
Uncalled bet ($4) returned to JosephO1
JosephO1 collected $6.04 from pot
JosephO1: doesn't show hand 
*** SUMMARY ***
Total pot $6.32 | Rake $0.28 
Board [8s Kd 7d Qh 7h]
Seat 1: Robmanhawha folded on the Flop
Seat 2: Dr_Bee10 folded before Flop (didn't bet)
Seat 3: JosephO1 (button) collected ($6.04)
Seat 4: SeregaDanger (small blind) folded on the River
Seat 5: xxxbohunxxx (big blind) folded before Flop
Seat 6: Angie Senpai folded before Flop (didn't bet)



PokerStars Hand #222983692955:  Hold'em No Limit ($0.05/$0.10 USD) - 2021/01/23 21:54:07 ET
Table 'Fabiola II' 6-max Seat #4 is the button
Seat 1: Robmanhawha ($10 in chips) 
Seat 3: JosephO1 ($30.51 in chips) 
Seat 4: SeregaDanger ($10 in chips) 
Seat 5: xxxbohunxxx ($10.16 in chips) 
Seat 6: Angie Senpai ($10 in chips) 
xxxbohunxxx: posts small blind $0.05
Angie Senpai: posts big blind $0.10
matixwhitty: sits out 
*** HOLE CARDS ***
Robmanhawha: folds 
JosephO1: calls $0.10
SeregaDanger: folds 
xxxbohunxxx: folds 
Angie Senpai: checks 
*** FLOP *** [4h 9s Qs]
Angie Senpai: checks 
JosephO1: bets $0.10
Angie Senpai: folds 
Uncalled bet ($0.10) returned to JosephO1
JosephO1 collected $0.24 from pot
JosephO1: doesn't show hand 
*** SUMMARY ***
Total pot $0.25 | Rake $0.01 
Board [4h 9s Qs]
Seat 1: Robmanhawha folded before Flop (didn't bet)
Seat 3: JosephO1 collected ($0.24)
Seat 4: SeregaDanger (button) folded before Flop (didn't bet)
Seat 5: xxxbohunxxx (small blind) folded before Flop
Seat 6: Angie Senpai (big blind) folded on the Flop



PokerStars Hand #222983702851:  Hold'em No Limit ($0.05/$0.10 USD) - 2021/01/23 21:54:34 ET
Table 'Fabiola II' 6-max Seat #5 is the button
Seat 1: Robmanhawha ($10 in chips) 
Seat 3: JosephO1 ($30.65 in chips) 
Seat 4: SeregaDanger ($10 in chips) 
Seat 5: xxxbohunxxx ($10.11 in chips) 
Seat 6: Angie Senpai ($10 in chips) 
Angie Senpai: posts small blind $0.05
Robmanhawha: posts big blind $0.10
matixwhitty: sits out 
*** HOLE CARDS ***
JosephO1: calls $0.10
SeregaDanger: folds 
xxxbohunxxx: folds 
Angie Senpai: folds 
Robmanhawha: checks 
*** FLOP *** [Js Tc Ah]
Robmanhawha: checks 
JosephO1: bets $0.10
Robmanhawha: folds 
Uncalled bet ($0.10) returned to JosephO1
JosephO1 collected $0.24 from pot
JosephO1: doesn't show hand 
*** SUMMARY ***
Total pot $0.25 | Rake $0.01 
Board [Js Tc Ah]
Seat 1: Robmanhawha (big blind) folded on the Flop
Seat 3: JosephO1 collected ($0.24)
Seat 4: SeregaDanger folded before Flop (didn't bet)
Seat 5: xxxbohunxxx (button) folded before Flop (didn't bet)
Seat 6: Angie Senpai (small blind) folded before Flop



PokerStars Hand #222983708950:  Hold'em No Limit ($0.05/$0.10 USD) - 2021/01/23 21:54:50 ET
Table 'Fabiola II' 6-max Seat #6 is the button
Seat 1: Robmanhawha ($9.90 in chips) 
Seat 2: matixwhitty ($10 in chips) 
Seat 3: JosephO1 ($30.79 in chips) 
Seat 4: SeregaDanger ($10 in chips) 
Seat 5: xxxbohunxxx ($10.11 in chips) 
Seat 6: Angie Senpai ($10 in chips) 
Robmanhawha: posts small blind $0.05
matixwhitty: posts big blind $0.10
*** HOLE CARDS ***
JosephO1: calls $0.10
SeregaDanger: folds 
xxxbohunxxx: raises $0.30 to $0.40
Angie Senpai: folds 
Robmanhawha: folds 
matixwhitty: calls $0.30
JosephO1: calls $0.30
*** FLOP *** [5h 5s 2h]
matixwhitty: checks 
JosephO1: bets $0.30
xxxbohunxxx: folds 
matixwhitty: folds 
Uncalled bet ($0.30) returned to JosephO1
JosephO1 collected $1.19 from pot
JosephO1: doesn't show hand 
*** SUMMARY ***
Total pot $1.25 | Rake $0.06 
Board [5h 5s 2h]
Seat 1: Robmanhawha (small blind) folded before Flop
Seat 2: matixwhitty (big blind) folded on the Flop
Seat 3: JosephO1 collected ($1.19)
Seat 4: SeregaDanger folded before Flop (didn't bet)
Seat 5: xxxbohunxxx folded on the Flop
Seat 6: Angie Senpai (button) folded before Flop (didn't bet)



PokerStars Hand #222983723601:  Hold'em No Limit ($0.05/$0.10 USD) - 2021/01/23 21:55:36 ET
Table 'Fabiola II' 6-max Seat #1 is the button
Seat 1: Robmanhawha ($9.85 in chips) 
Seat 2: matixwhitty ($9.60 in chips) 
Seat 3: JosephO1 ($31.58 in chips) 
Seat 4: SeregaDanger ($10 in chips) 
Seat 5: xxxbohunxxx ($10 in chips) 
Seat 6: Angie Senpai ($10 in chips) 
matixwhitty: posts small blind $0.05
JosephO1: posts big blind $0.10
*** HOLE CARDS ***
SeregaDanger: folds 
xxxbohunxxx: raises $0.20 to $0.30
Angie Senpai: calls $0.30
Robmanhawha: folds 
matixwhitty: folds 
JosephO1: calls $0.20
*** FLOP *** [4c As Qd]
JosephO1: checks 
xxxbohunxxx: checks 
Angie Senpai: checks 
*** TURN *** [4c As Qd] [4s]
JosephO1: checks 
xxxbohunxxx: bets $0.68
Angie Senpai: folds 
JosephO1: folds 
Uncalled bet ($0.68) returned to xxxbohunxxx
xxxbohunxxx collected $0.91 from pot
xxxbohunxxx: doesn't show hand 
*** SUMMARY ***
Total pot $0.95 | Rake $0.04 
Board [4c As Qd 4s]
Seat 1: Robmanhawha (button) folded before Flop (didn't bet)
Seat 2: matixwhitty (small blind) folded before Flop
Seat 3: JosephO1 (big blind) folded on the Turn
Seat 4: SeregaDanger folded before Flop (didn't bet)
Seat 5: xxxbohunxxx collected ($0.91)
Seat 6: Angie Senpai folded on the Turn



PokerStars Hand #222983748050:  Hold'em No Limit ($0.05/$0.10 USD) - 2021/01/23 21:56:31 ET
Table 'Fabiola II' 6-max Seat #2 is the button
Seat 1: Robmanhawha ($9.85 in chips) 
Seat 2: matixwhitty ($9.95 in chips) 
Seat 3: JosephO1 ($31.28 in chips) 
Seat 4: SeregaDanger ($10 in chips) 
Seat 5: xxxbohunxxx ($10.61 in chips) 
Seat 6: Angie Senpai ($10 in chips) 
JosephO1: posts small blind $0.05
SeregaDanger: posts big blind $0.10
*** HOLE CARDS ***
xxxbohunxxx: folds 
Angie Senpai: folds 
Robmanhawha: folds 
matixwhitty: raises $0.20 to $0.30
JosephO1: calls $0.25
SeregaDanger: folds 
*** FLOP *** [Ks 2h Jh]
JosephO1: bets $0.30
matixwhitty: calls $0.30
*** TURN *** [Ks 2h Jh] [9s]
JosephO1: bets $0.40
matixwhitty: raises $0.40 to $0.80
JosephO1: calls $0.40
*** RIVER *** [Ks 2h Jh 9s] [4c]
JosephO1: checks 
matixwhitty: checks 
*** SHOW DOWN ***
JosephO1: shows [As Kd] (a pair of Kings)
matixwhitty: mucks hand 
JosephO1 collected $2.77 from pot
*** SUMMARY ***
Total pot $2.90 | Rake $0.13 
Board [Ks 2h Jh 9s 4c]
Seat 1: Robmanhawha folded before Flop (didn't bet)
Seat 2: matixwhitty (button) mucked
Seat 3: JosephO1 (small blind) showed [As Kd] and won ($2.77) with a pair of Kings
Seat 4: SeregaDanger (big blind) folded before Flop
Seat 5: xxxbohunxxx folded before Flop (didn't bet)
Seat 6: Angie Senpai folded before Flop (didn't bet)



PokerStars Hand #222983758742:  Hold'em No Limit ($0.05/$0.10 USD) - 2021/01/23 21:57:10 ET
Table 'Fabiola II' 6-max Seat #3 is the button
Seat 1: Robmanhawha ($9.85 in chips) 
Seat 2: matixwhitty ($8.55 in chips) 
Seat 3: JosephO1 ($32.65 in chips) 
Seat 4: SeregaDanger ($10 in chips) 
Seat 5: xxxbohunxxx ($10.61 in chips) 
Seat 6: Angie Senpai ($10 in chips) 
SeregaDanger: posts small blind $0.05
xxxbohunxxx: posts big blind $0.10
*** HOLE CARDS ***
Angie Senpai: folds 
Robmanhawha: folds 
matixwhitty: folds 
JosephO1: calls $0.10
SeregaDanger: calls $0.05
xxxbohunxxx: checks 
*** FLOP *** [8h 9d 2h]
SeregaDanger: checks 
xxxbohunxxx: checks 
JosephO1: checks 
*** TURN *** [8h 9d 2h] [Kh]
SeregaDanger: checks 
xxxbohunxxx: checks 
JosephO1: checks 
*** RIVER *** [8h 9d 2h Kh] [6c]
SeregaDanger: checks 
xxxbohunxxx: checks 
JosephO1: bets $0.80
SeregaDanger: folds 
xxxbohunxxx: folds 
Uncalled bet ($0.80) returned to JosephO1
JosephO1 collected $0.29 from pot
JosephO1: doesn't show hand 
*** SUMMARY ***
Total pot $0.30 | Rake $0.01 
Board [8h 9d 2h Kh 6c]
Seat 1: Robmanhawha folded before Flop (didn't bet)
Seat 2: matixwhitty folded before Flop (didn't bet)
Seat 3: JosephO1 (button) collected ($0.29)
Seat 4: SeregaDanger (small blind) folded on the River
Seat 5: xxxbohunxxx (big blind) folded on the River
Seat 6: Angie Senpai folded before Flop (didn't bet)



PokerStars Hand #222983775629:  Hold'em No Limit ($0.05/$0.10 USD) - 2021/01/23 21:58:13 ET
Table 'Fabiola II' 6-max Seat #4 is the button
Seat 1: Robmanhawha ($9.85 in chips) 
Seat 2: matixwhitty ($8.55 in chips) 
Seat 3: JosephO1 ($32.84 in chips) 
Seat 4: SeregaDanger ($10 in chips) 
Seat 5: xxxbohunxxx ($10.51 in chips) 
Seat 6: Angie Senpai ($10 in chips) 
xxxbohunxxx: posts small blind $0.05
Angie Senpai: posts big blind $0.10
*** HOLE CARDS ***
Robmanhawha: folds 
matixwhitty: folds 
JosephO1: calls $0.10
SeregaDanger: raises $0.20 to $0.30
xxxbohunxxx: folds 
Angie Senpai: calls $0.20
JosephO1: calls $0.20
*** FLOP *** [8s 6d 3d]
Angie Senpai: checks 
JosephO1: checks 
SeregaDanger: checks 
*** TURN *** [8s 6d 3d] [Tc]
Angie Senpai: checks 
JosephO1: checks 
SeregaDanger: checks 
*** RIVER *** [8s 6d 3d Tc] [Kd]
Angie Senpai: checks 
JosephO1: checks 
SeregaDanger: checks 
*** SHOW DOWN ***
Angie Senpai: shows [8c Qc] (a pair of Eights)
JosephO1: mucks hand 
SeregaDanger: mucks hand 
Angie Senpai collected $0.91 from pot
*** SUMMARY ***
Total pot $0.95 | Rake $0.04 
Board [8s 6d 3d Tc Kd]
Seat 1: Robmanhawha folded before Flop (didn't bet)
Seat 2: matixwhitty folded before Flop (didn't bet)
Seat 3: JosephO1 mucked
Seat 4: SeregaDanger (button) mucked
Seat 5: xxxbohunxxx (small blind) folded before Flop
Seat 6: Angie Senpai (big blind) showed [8c Qc] and won ($0.91) with a pair of Eights



PokerStars Hand #222983786517:  Hold'em No Limit ($0.05/$0.10 USD) - 2021/01/23 21:58:53 ET
Table 'Fabiola II' 6-max Seat #5 is the button
Seat 1: Robmanhawha ($9.85 in chips) 
Seat 2: matixwhitty ($8.55 in chips) 
Seat 3: JosephO1 ($32.54 in chips) 
Seat 4: SeregaDanger ($10 in chips) 
Seat 5: xxxbohunxxx ($10.46 in chips) 
Seat 6: Angie Senpai ($10.61 in chips) 
Angie Senpai: posts small blind $0.05
Robmanhawha: posts big blind $0.10
*** HOLE CARDS ***
matixwhitty: folds 
JosephO1: calls $0.10
SeregaDanger: folds 
xxxbohunxxx: raises $0.30 to $0.40
Angie Senpai: folds 
Robmanhawha: raises $0.40 to $0.80
JosephO1: calls $0.70
xxxbohunxxx: folds 
*** FLOP *** [5s 5c 3s]
Robmanhawha: bets $1.10
JosephO1: folds 
Uncalled bet ($1.10) returned to Robmanhawha
Robmanhawha collected $1.96 from pot
Robmanhawha: doesn't show hand 
*** SUMMARY ***
Total pot $2.05 | Rake $0.09 
Board [5s 5c 3s]
Seat 1: Robmanhawha (big blind) collected ($1.96)
Seat 2: matixwhitty folded before Flop (didn't bet)
Seat 3: JosephO1 folded on the Flop
Seat 4: SeregaDanger folded before Flop (didn't bet)
Seat 5: xxxbohunxxx (button) folded before Flop
Seat 6: Angie Senpai (small blind) folded before Flop



PokerStars Hand #222983795877:  Hold'em No Limit ($0.05/$0.10 USD) - 2021/01/23 21:59:28 ET
Table 'Fabiola II' 6-max Seat #6 is the button
Seat 1: Robmanhawha ($11.01 in chips) 
Seat 2: matixwhitty ($8.55 in chips) 
Seat 3: JosephO1 ($31.74 in chips) 
Seat 4: SeregaDanger ($10 in chips) 
Seat 5: xxxbohunxxx ($10.06 in chips) 
Seat 6: Angie Senpai ($10.56 in chips) 
Robmanhawha: posts small blind $0.05
matixwhitty: posts big blind $0.10
*** HOLE CARDS ***
JosephO1: calls $0.10
SeregaDanger: folds 
xxxbohunxxx: folds 
Angie Senpai: raises $0.35 to $0.45
Robmanhawha: folds 
matixwhitty: calls $0.35
JosephO1: calls $0.35
*** FLOP *** [3h Ah 6d]
matixwhitty: checks 
JosephO1: checks 
Angie Senpai: bets $0.65
matixwhitty: calls $0.65
JosephO1: folds 
*** TURN *** [3h Ah 6d] [3s]
matixwhitty: checks 
Angie Senpai: bets $2.50
matixwhitty: folds 
Uncalled bet ($2.50) returned to Angie Senpai
Angie Senpai collected $2.58 from pot
Angie Senpai: doesn't show hand 
*** SUMMARY ***
Total pot $2.70 | Rake $0.12 
Board [3h Ah 6d 3s]
Seat 1: Robmanhawha (small blind) folded before Flop
Seat 2: matixwhitty (big blind) folded on the Turn
Seat 3: JosephO1 folded on the Flop
Seat 4: SeregaDanger folded before Flop (didn't bet)
Seat 5: xxxbohunxxx folded before Flop (didn't bet)
Seat 6: Angie Senpai (button) collected ($2.58)



PokerStars Hand #222983810765:  Hold'em No Limit ($0.05/$0.10 USD) - 2021/01/23 22:00:21 ET
Table 'Fabiola II' 6-max Seat #1 is the button
Seat 1: Robmanhawha ($10.96 in chips) 
Seat 2: matixwhitty ($7.45 in chips) 
Seat 3: JosephO1 ($31.29 in chips) 
Seat 4: SeregaDanger ($10 in chips) 
Seat 5: xxxbohunxxx ($10.06 in chips) 
Seat 6: Angie Senpai ($12.04 in chips) 
matixwhitty: posts small blind $0.05
JosephO1: posts big blind $0.10
*** HOLE CARDS ***
SeregaDanger: folds 
xxxbohunxxx: raises $0.20 to $0.30
Angie Senpai: folds 
Angie Senpai leaves the table
Robmanhawha: folds 
matixwhitty: folds 
JosephO1: calls $0.20
*** FLOP *** [Jh As Ad]
JosephO1: checks 
xxxbohunxxx: bets $0.37
JosephO1: calls $0.37
*** TURN *** [Jh As Ad] [2c]
JosephO1: checks 
Tomaszlion joins the table at seat #6 
xxxbohunxxx: bets $0.80
JosephO1: folds 
Uncalled bet ($0.80) returned to xxxbohunxxx
xxxbohunxxx collected $1.33 from pot
xxxbohunxxx: doesn't show hand 
*** SUMMARY ***
Total pot $1.39 | Rake $0.06 
Board [Jh As Ad 2c]
Seat 1: Robmanhawha (button) folded before Flop (didn't bet)
Seat 2: matixwhitty (small blind) folded before Flop
Seat 3: JosephO1 (big blind) folded on the Turn
Seat 4: SeregaDanger folded before Flop (didn't bet)
Seat 5: xxxbohunxxx collected ($1.33)
Seat 6: Angie Senpai folded before Flop (didn't bet)



PokerStars Hand #222983828826:  Hold'em No Limit ($0.05/$0.10 USD) - 2021/01/23 22:01:14 ET
Table 'Fabiola II' 6-max Seat #2 is the button
Seat 1: Robmanhawha ($10.96 in chips) 
Seat 2: matixwhitty ($7.40 in chips) 
Seat 3: JosephO1 ($30.62 in chips) 
Seat 4: SeregaDanger ($10 in chips) 
Seat 5: xxxbohunxxx ($10.72 in chips) 
JosephO1: posts small blind $0.05
SeregaDanger: posts big blind $0.10
Tomaszlion: sits out 
*** HOLE CARDS ***
xxxbohunxxx: folds 
Robmanhawha: folds 
matixwhitty: raises $0.25 to $0.35
JosephO1: calls $0.30
SeregaDanger: folds 
*** FLOP *** [Js 3h Ad]
JosephO1: checks 
matixwhitty: bets $0.58
JosephO1: folds 
Uncalled bet ($0.58) returned to matixwhitty
matixwhitty collected $0.76 from pot
matixwhitty: doesn't show hand 
*** SUMMARY ***
Total pot $0.80 | Rake $0.04 
Board [Js 3h Ad]
Seat 1: Robmanhawha folded before Flop (didn't bet)
Seat 2: matixwhitty (button) collected ($0.76)
Seat 3: JosephO1 (small blind) folded on the Flop
Seat 4: SeregaDanger (big blind) folded before Flop
Seat 5: xxxbohunxxx folded before Flop (didn't bet)



PokerStars Hand #222983840128:  Hold'em No Limit ($0.05/$0.10 USD) - 2021/01/23 22:01:45 ET
Table 'Fabiola II' 6-max Seat #3 is the button
Seat 1: Robmanhawha ($10.96 in chips) 
Seat 2: matixwhitty ($7.81 in chips) 
Seat 3: JosephO1 ($30.27 in chips) 
Seat 4: SeregaDanger ($10 in chips) 
Seat 5: xxxbohunxxx ($10.72 in chips) 
SeregaDanger: posts small blind $0.05
xxxbohunxxx: posts big blind $0.10
Tomaszlion: sits out 
*** HOLE CARDS ***
Robmanhawha: folds 
matixwhitty: folds 
JosephO1: calls $0.10
SeregaDanger: folds 
xxxbohunxxx: checks 
*** FLOP *** [Jc 2s 5d]
xxxbohunxxx: checks 
JosephO1: bets $0.10
xxxbohunxxx: calls $0.10
*** TURN *** [Jc 2s 5d] [7h]
xxxbohunxxx: checks 
JosephO1: bets $0.30
xxxbohunxxx: raises $0.90 to $1.20
JosephO1: calls $0.90
*** RIVER *** [Jc 2s 5d 7h] [4d]
xxxbohunxxx: bets $2.45
JosephO1: folds 
Uncalled bet ($2.45) returned to xxxbohunxxx
xxxbohunxxx collected $2.72 from pot
xxxbohunxxx: doesn't show hand 
*** SUMMARY ***
Total pot $2.85 | Rake $0.13 
Board [Jc 2s 5d 7h 4d]
Seat 1: Robmanhawha folded before Flop (didn't bet)
Seat 2: matixwhitty folded before Flop (didn't bet)
Seat 3: JosephO1 (button) folded on the River
Seat 4: SeregaDanger (small blind) folded before Flop
Seat 5: xxxbohunxxx (big blind) collected ($2.72)



PokerStars Hand #222983864679:  Hold'em No Limit ($0.05/$0.10 USD) - 2021/01/23 22:02:51 ET
Table 'Fabiola II' 6-max Seat #4 is the button
Seat 1: Robmanhawha ($10.96 in chips) 
Seat 2: matixwhitty ($7.81 in chips) 
Seat 3: JosephO1 ($28.87 in chips) 
Seat 4: SeregaDanger ($10 in chips) 
Seat 5: xxxbohunxxx ($12.04 in chips) 
Seat 6: Tomaszlion ($10 in chips) 
xxxbohunxxx: posts small blind $0.05
Tomaszlion: posts big blind $0.10
*** HOLE CARDS ***
Robmanhawha: folds 
matixwhitty: folds 
JosephO1: raises $0.40 to $0.50
SeregaDanger: folds 
xxxbohunxxx: folds 
Tomaszlion: raises $9.50 to $10 and is all-in
JosephO1: calls $9.50
*** FLOP *** [Qc 8h 4c]
*** TURN *** [Qc 8h 4c] [Ad]
*** RIVER *** [Qc 8h 4c Ad] [Kh]
*** SHOW DOWN ***
Tomaszlion: shows [Ac 6d] (a pair of Aces)
JosephO1: shows [Kc Kd] (three of a kind, Kings)
JosephO1 collected $19.15 from pot
*** SUMMARY ***
Total pot $20.05 | Rake $0.90 
Board [Qc 8h 4c Ad Kh]
Seat 1: Robmanhawha folded before Flop (didn't bet)
Seat 2: matixwhitty folded before Flop (didn't bet)
Seat 3: JosephO1 showed [Kc Kd] and won ($19.15) with three of a kind, Kings
Seat 4: SeregaDanger (button) folded before Flop (didn't bet)
Seat 5: xxxbohunxxx (small blind) folded before Flop
Seat 6: Tomaszlion (big blind) showed [Ac 6d] and lost with a pair of Aces



PokerStars Hand #222983876567:  Hold'em No Limit ($0.05/$0.10 USD) - 2021/01/23 22:03:23 ET
Table 'Fabiola II' 6-max Seat #5 is the button
Seat 1: Robmanhawha ($10.96 in chips) 
Seat 2: matixwhitty ($7.81 in chips) 
Seat 3: JosephO1 ($38.02 in chips) 
Seat 4: SeregaDanger ($10 in chips) 
Seat 5: xxxbohunxxx ($11.99 in chips) 
Robmanhawha: posts small blind $0.05
matixwhitty: posts big blind $0.10
*** HOLE CARDS ***
JosephO1: calls $0.10
SeregaDanger: folds 
Tomaszlion leaves the table
xxxbohunxxx: raises $0.30 to $0.40
Robmanhawha: folds 
matixwhitty: folds 
JosephO1: calls $0.30
*** FLOP *** [2h 5h As]
TSA958 joins the table at seat #6 
JosephO1: bets $0.10
xxxbohunxxx: folds 
Uncalled bet ($0.10) returned to JosephO1
JosephO1 collected $0.91 from pot
JosephO1: doesn't show hand 
*** SUMMARY ***
Total pot $0.95 | Rake $0.04 
Board [2h 5h As]
Seat 1: Robmanhawha (small blind) folded before Flop
Seat 2: matixwhitty (big blind) folded before Flop
Seat 3: JosephO1 collected ($0.91)
Seat 4: SeregaDanger folded before Flop (didn't bet)
Seat 5: xxxbohunxxx (button) folded on the Flop



PokerStars Hand #222983887877:  Hold'em No Limit ($0.05/$0.10 USD) - 2021/01/23 22:03:53 ET
Table 'Fabiola II' 6-max Seat #1 is the button
Seat 1: Robmanhawha ($10.91 in chips) 
Seat 2: matixwhitty ($7.71 in chips) 
Seat 3: JosephO1 ($38.53 in chips) 
Seat 4: SeregaDanger ($10 in chips) 
Seat 5: xxxbohunxxx ($11.59 in chips) 
matixwhitty: posts small blind $0.05
JosephO1: posts big blind $0.10
TSA958: sits out 
*** HOLE CARDS ***
SeregaDanger: folds 
xxxbohunxxx: folds 
Robmanhawha: folds 
matixwhitty: raises $0.20 to $0.30
JosephO1: calls $0.20
*** FLOP *** [2h Td 7d]
matixwhitty: bets $0.57
JosephO1: calls $0.57
*** TURN *** [2h Td 7d] [4d]
matixwhitty: bets $0.83
JosephO1: calls $0.83
*** RIVER *** [2h Td 7d 4d] [Th]
matixwhitty: bets $1.62
JosephO1: folds 
Uncalled bet ($1.62) returned to matixwhitty
matixwhitty collected $3.25 from pot
matixwhitty: doesn't show hand 
*** SUMMARY ***
Total pot $3.40 | Rake $0.15 
Board [2h Td 7d 4d Th]
Seat 1: Robmanhawha (button) folded before Flop (didn't bet)
Seat 2: matixwhitty (small blind) collected ($3.25)
Seat 3: JosephO1 (big blind) folded on the River
Seat 4: SeregaDanger folded before Flop (didn't bet)
Seat 5: xxxbohunxxx folded before Flop (didn't bet)



PokerStars Hand #222983901475:  Hold'em No Limit ($0.05/$0.10 USD) - 2021/01/23 22:04:30 ET
Table 'Fabiola II' 6-max Seat #2 is the button
Seat 1: Robmanhawha ($10.91 in chips) 
Seat 2: matixwhitty ($9.26 in chips) 
Seat 3: JosephO1 ($36.83 in chips) 
Seat 4: SeregaDanger ($10 in chips) 
Seat 5: xxxbohunxxx ($11.59 in chips) 
JosephO1: posts small blind $0.05
SeregaDanger: posts big blind $0.10
TSA958: sits out 
*** HOLE CARDS ***
xxxbohunxxx: raises $0.20 to $0.30
Robmanhawha: folds 
matixwhitty: folds 
JosephO1: calls $0.25
SeregaDanger: folds 
*** FLOP *** [Qs 4h 6c]
JosephO1: checks 
xxxbohunxxx: checks 
*** TURN *** [Qs 4h 6c] [Jd]
JosephO1: checks 
xxxbohunxxx: checks 
*** RIVER *** [Qs 4h 6c Jd] [Ah]
JosephO1: checks 
xxxbohunxxx: bets $0.50
JosephO1: folds 
Uncalled bet ($0.50) returned to xxxbohunxxx
xxxbohunxxx collected $0.67 from pot
xxxbohunxxx: doesn't show hand 
*** SUMMARY ***
Total pot $0.70 | Rake $0.03 
Board [Qs 4h 6c Jd Ah]
Seat 1: Robmanhawha folded before Flop (didn't bet)
Seat 2: matixwhitty (button) folded before Flop (didn't bet)
Seat 3: JosephO1 (small blind) folded on the River
Seat 4: SeregaDanger (big blind) folded before Flop
Seat 5: xxxbohunxxx collected ($0.67)



PokerStars Hand #222983917596:  Hold'em No Limit ($0.05/$0.10 USD) - 2021/01/23 22:05:13 ET
Table 'Fabiola II' 6-max Seat #3 is the button
Seat 1: Robmanhawha ($10.91 in chips) 
Seat 2: matixwhitty ($9.26 in chips) 
Seat 3: JosephO1 ($36.53 in chips) 
Seat 4: SeregaDanger ($10 in chips) 
Seat 5: xxxbohunxxx ($11.96 in chips) 
SeregaDanger: posts small blind $0.05
xxxbohunxxx: posts big blind $0.10
TSA958: sits out 
*** HOLE CARDS ***
Robmanhawha: folds 
matixwhitty: folds 
JosephO1: raises $0.10 to $0.20
SeregaDanger: folds 
xxxbohunxxx: folds 
Uncalled bet ($0.10) returned to JosephO1
JosephO1 collected $0.25 from pot
JosephO1: doesn't show hand 
*** SUMMARY ***
Total pot $0.25 | Rake $0 
Seat 1: Robmanhawha folded before Flop (didn't bet)
Seat 2: matixwhitty folded before Flop (didn't bet)
Seat 3: JosephO1 (button) collected ($0.25)
Seat 4: SeregaDanger (small blind) folded before Flop
Seat 5: xxxbohunxxx (big blind) folded before Flop



PokerStars Hand #222983925056:  Hold'em No Limit ($0.05/$0.10 USD) - 2021/01/23 22:05:33 ET
Table 'Fabiola II' 6-max Seat #4 is the button
Seat 1: Robmanhawha ($10.91 in chips) 
Seat 2: matixwhitty ($9.26 in chips) 
Seat 3: JosephO1 ($36.68 in chips) 
Seat 4: SeregaDanger ($10 in chips) 
Seat 5: xxxbohunxxx ($11.86 in chips) 
Seat 6: TSA958 ($10 in chips) 
xxxbohunxxx: posts small blind $0.05
TSA958: posts big blind $0.10
*** HOLE CARDS ***
Robmanhawha: raises $0.20 to $0.30
matixwhitty: folds 
JosephO1: calls $0.30
SeregaDanger: folds 
xxxbohunxxx: folds 
TSA958: calls $0.20
*** FLOP *** [3h 9d 4d]
TSA958: checks 
Robmanhawha: checks 
JosephO1: checks 
*** TURN *** [3h 9d 4d] [3c]
TSA958: checks 
Robmanhawha: checks 
JosephO1: checks 
*** RIVER *** [3h 9d 4d 3c] [6s]
TSA958: checks 
Robmanhawha: checks 
JosephO1: bets $0.30
TSA958: folds 
Robmanhawha: folds 
Uncalled bet ($0.30) returned to JosephO1
JosephO1 collected $0.91 from pot
JosephO1: doesn't show hand 
*** SUMMARY ***
Total pot $0.95 | Rake $0.04 
Board [3h 9d 4d 3c 6s]
Seat 1: Robmanhawha folded on the River
Seat 2: matixwhitty folded before Flop (didn't bet)
Seat 3: JosephO1 collected ($0.91)
Seat 4: SeregaDanger (button) folded before Flop (didn't bet)
Seat 5: xxxbohunxxx (small blind) folded before Flop
Seat 6: TSA958 (big blind) folded on the River



PokerStars Hand #222983947235:  Hold'em No Limit ($0.05/$0.10 USD) - 2021/01/23 22:06:33 ET
Table 'Fabiola II' 6-max Seat #5 is the button
Seat 1: Robmanhawha ($10.61 in chips) 
Seat 2: matixwhitty ($9.26 in chips) 
Seat 3: JosephO1 ($37.29 in chips) 
Seat 4: SeregaDanger ($10 in chips) 
Seat 5: xxxbohunxxx ($11.81 in chips) 
Seat 6: TSA958 ($10 in chips) 
TSA958: posts small blind $0.05
Robmanhawha: posts big blind $0.10
*** HOLE CARDS ***
matixwhitty: raises $0.20 to $0.30
JosephO1: calls $0.30
SeregaDanger: folds 
xxxbohunxxx: folds 
TSA958: folds 
Robmanhawha: calls $0.20
*** FLOP *** [Td 8h As]
Robmanhawha: checks 
matixwhitty: checks 
JosephO1: bets $0.20
Robmanhawha: calls $0.20
matixwhitty: calls $0.20
*** TURN *** [Td 8h As] [9c]
Robmanhawha: checks 
matixwhitty: checks 
JosephO1: bets $0.30
Robmanhawha: raises $0.90 to $1.20
matixwhitty: calls $1.20
JosephO1: folds 
*** RIVER *** [Td 8h As 9c] [7c]
Robmanhawha: bets $3.10
matixwhitty: raises $3.10 to $6.20
Robmanhawha: calls $3.10
*** SHOW DOWN ***
matixwhitty: shows [Kh Jd] (a straight, Seven to Jack)
Robmanhawha: shows [Jc Ks] (a straight, Seven to Jack)
Robmanhawha collected $7.95 from pot
matixwhitty collected $7.95 from pot
*** SUMMARY ***
Total pot $16.65 | Rake $0.75 
Board [Td 8h As 9c 7c]
Seat 1: Robmanhawha (big blind) showed [Jc Ks] and won ($7.95) with a straight, Seven to Jack
Seat 2: matixwhitty showed [Kh Jd] and won ($7.95) with a straight, Seven to Jack
Seat 3: JosephO1 folded on the Turn
Seat 4: SeregaDanger folded before Flop (didn't bet)
Seat 5: xxxbohunxxx (button) folded before Flop (didn't bet)
Seat 6: TSA958 (small blind) folded before Flop



PokerStars Hand #222983984439:  Hold'em No Limit ($0.05/$0.10 USD) - 2021/01/23 22:08:13 ET
Table 'Fabiola II' 6-max Seat #6 is the button
Seat 1: Robmanhawha ($10.66 in chips) 
Seat 2: matixwhitty ($9.31 in chips) 
Seat 3: JosephO1 ($36.49 in chips) 
Seat 4: SeregaDanger ($10 in chips) 
Seat 5: xxxbohunxxx ($11.81 in chips) 
Seat 6: TSA958 ($10 in chips) 
Robmanhawha: posts small blind $0.05
matixwhitty: posts big blind $0.10
*** HOLE CARDS ***
JosephO1: calls $0.10
SeregaDanger: folds 
xxxbohunxxx: folds 
TSA958: folds 
Robmanhawha: folds 
matixwhitty: checks 
*** FLOP *** [2s 7c Kh]
matixwhitty: checks 
JosephO1: checks 
*** TURN *** [2s 7c Kh] [Qc]
matixwhitty: checks 
JosephO1: checks 
*** RIVER *** [2s 7c Kh Qc] [8s]
matixwhitty: checks 
JosephO1: bets $0.30
matixwhitty: calls $0.30
*** SHOW DOWN ***
JosephO1: shows [8d Ts] (a pair of Eights)
matixwhitty: mucks hand 
JosephO1 collected $0.81 from pot
*** SUMMARY ***
Total pot $0.85 | Rake $0.04 
Board [2s 7c Kh Qc 8s]
Seat 1: Robmanhawha (small blind) folded before Flop
Seat 2: matixwhitty (big blind) mucked
Seat 3: JosephO1 showed [8d Ts] and won ($0.81) with a pair of Eights
Seat 4: SeregaDanger folded before Flop (didn't bet)
Seat 5: xxxbohunxxx folded before Flop (didn't bet)
Seat 6: TSA958 (button) folded before Flop (didn't bet)



PokerStars Hand #222983998519:  Hold'em No Limit ($0.05/$0.10 USD) - 2021/01/23 22:08:51 ET
Table 'Fabiola II' 6-max Seat #1 is the button
Seat 1: Robmanhawha ($10.61 in chips) 
Seat 2: matixwhitty ($8.91 in chips) 
Seat 3: JosephO1 ($36.90 in chips) 
Seat 4: SeregaDanger ($10 in chips) 
Seat 5: xxxbohunxxx ($11.81 in chips) 
Seat 6: TSA958 ($10 in chips) 
matixwhitty: posts small blind $0.05
JosephO1: posts big blind $0.10
*** HOLE CARDS ***
SeregaDanger: folds 
xxxbohunxxx: folds 
TSA958: raises $0.20 to $0.30
Robmanhawha: folds 
matixwhitty: folds 
JosephO1: calls $0.20
*** FLOP *** [Jc Kc 4c]
JosephO1: bets $0.30
TSA958: folds 
Uncalled bet ($0.30) returned to JosephO1
JosephO1 collected $0.62 from pot
JosephO1: doesn't show hand 
*** SUMMARY ***
Total pot $0.65 | Rake $0.03 
Board [Jc Kc 4c]
Seat 1: Robmanhawha (button) folded before Flop (didn't bet)
Seat 2: matixwhitty (small blind) folded before Flop
Seat 3: JosephO1 (big blind) collected ($0.62)
Seat 4: SeregaDanger folded before Flop (didn't bet)
Seat 5: xxxbohunxxx folded before Flop (didn't bet)
Seat 6: TSA958 folded on the Flop



PokerStars Hand #222984007743:  Hold'em No Limit ($0.05/$0.10 USD) - 2021/01/23 22:09:17 ET
Table 'Fabiola II' 6-max Seat #2 is the button
Seat 1: Robmanhawha ($10.61 in chips) 
Seat 2: matixwhitty ($8.86 in chips) 
Seat 3: JosephO1 ($37.22 in chips) 
Seat 4: SeregaDanger ($10 in chips) 
Seat 5: xxxbohunxxx ($11.81 in chips) 
Seat 6: TSA958 ($10 in chips) 
JosephO1: posts small blind $0.05
SeregaDanger: posts big blind $0.10
*** HOLE CARDS ***
xxxbohunxxx: folds 
TSA958: raises $0.20 to $0.30
Robmanhawha: folds 
matixwhitty: folds 
JosephO1: calls $0.25
SeregaDanger: folds 
*** FLOP *** [4c 8c 6h]
JosephO1: bets $0.70
TSA958: raises $0.70 to $1.40
JosephO1: calls $0.70
*** TURN *** [4c 8c 6h] [5c]
JosephO1: checks 
TSA958: checks 
*** RIVER *** [4c 8c 6h 5c] [7d]
JosephO1: bets $0.50
TSA958: calls $0.50
*** SHOW DOWN ***
JosephO1: shows [8d 4d] (a straight, Four to Eight)
TSA958: shows [8h 8s] (a straight, Four to Eight)
JosephO1 collected $2.15 from pot
TSA958 collected $2.15 from pot
*** SUMMARY ***
Total pot $4.50 | Rake $0.20 
Board [4c 8c 6h 5c 7d]
Seat 1: Robmanhawha folded before Flop (didn't bet)
Seat 2: matixwhitty (button) folded before Flop (didn't bet)
Seat 3: JosephO1 (small blind) showed [8d 4d] and won ($2.15) with a straight, Four to Eight
Seat 4: SeregaDanger (big blind) folded before Flop
Seat 5: xxxbohunxxx folded before Flop (didn't bet)
Seat 6: TSA958 showed [8h 8s] and won ($2.15) with a straight, Four to Eight



PokerStars Hand #222984027990:  Hold'em No Limit ($0.05/$0.10 USD) - 2021/01/23 22:10:12 ET
Table 'Fabiola II' 6-max Seat #3 is the button
Seat 1: Robmanhawha ($10.61 in chips) 
Seat 2: matixwhitty ($8.86 in chips) 
Seat 3: JosephO1 ($37.17 in chips) 
Seat 4: SeregaDanger ($10 in chips) 
Seat 5: xxxbohunxxx ($11.81 in chips) 
Seat 6: TSA958 ($10 in chips) 
SeregaDanger: posts small blind $0.05
xxxbohunxxx: posts big blind $0.10
*** HOLE CARDS ***
TSA958: folds 
Robmanhawha: raises $0.20 to $0.30
matixwhitty: folds 
JosephO1: calls $0.30
SeregaDanger: folds 
xxxbohunxxx: calls $0.20
*** FLOP *** [8s Kh 8h]
xxxbohunxxx: checks 
Robmanhawha: checks 
JosephO1: checks 
*** TURN *** [8s Kh 8h] [4c]
xxxbohunxxx: checks 
Robmanhawha: bets $0.60
JosephO1: folds 
xxxbohunxxx: folds 
Uncalled bet ($0.60) returned to Robmanhawha
Robmanhawha collected $0.91 from pot
Robmanhawha: doesn't show hand 
*** SUMMARY ***
Total pot $0.95 | Rake $0.04 
Board [8s Kh 8h 4c]
Seat 1: Robmanhawha collected ($0.91)
Seat 2: matixwhitty folded before Flop (didn't bet)
Seat 3: JosephO1 (button) folded on the Turn
Seat 4: SeregaDanger (small blind) folded before Flop
Seat 5: xxxbohunxxx (big blind) folded on the Turn
Seat 6: TSA958 folded before Flop (didn't bet)



PokerStars Hand #222984047162:  Hold'em No Limit ($0.05/$0.10 USD) - 2021/01/23 22:11:04 ET
Table 'Fabiola II' 6-max Seat #4 is the button
Seat 1: Robmanhawha ($11.22 in chips) 
Seat 2: matixwhitty ($8.86 in chips) 
Seat 3: JosephO1 ($36.87 in chips) 
Seat 4: SeregaDanger ($10 in chips) 
Seat 5: xxxbohunxxx ($11.51 in chips) 
Seat 6: TSA958 ($10 in chips) 
xxxbohunxxx: posts small blind $0.05
TSA958: posts big blind $0.10
*** HOLE CARDS ***
Robmanhawha: folds 
matixwhitty: raises $0.20 to $0.30
JosephO1: calls $0.30
SeregaDanger has timed out
SeregaDanger: folds 
xxxbohunxxx: folds 
TSA958: folds 
*** FLOP *** [3s 8c Td]
matixwhitty: checks 
JosephO1: checks 
*** TURN *** [3s 8c Td] [4c]
matixwhitty: bets $0.36
JosephO1: calls $0.36
*** RIVER *** [3s 8c Td 4c] [9c]
matixwhitty: checks 
JosephO1: bets $0.50
matixwhitty: folds 
Uncalled bet ($0.50) returned to JosephO1
JosephO1 collected $1.40 from pot
JosephO1: doesn't show hand 
*** SUMMARY ***
Total pot $1.47 | Rake $0.07 
Board [3s 8c Td 4c 9c]
Seat 1: Robmanhawha folded before Flop (didn't bet)
Seat 2: matixwhitty folded on the River
Seat 3: JosephO1 collected ($1.40)
Seat 4: SeregaDanger (button) folded before Flop (didn't bet)
Seat 5: xxxbohunxxx (small blind) folded before Flop
Seat 6: TSA958 (big blind) folded before Flop



PokerStars Hand #222984068425:  Hold'em No Limit ($0.05/$0.10 USD) - 2021/01/23 22:12:02 ET
Table 'Fabiola II' 6-max Seat #5 is the button
Seat 1: Robmanhawha ($11.22 in chips) 
Seat 2: matixwhitty ($8.20 in chips) 
Seat 3: JosephO1 ($37.61 in chips) 
Seat 4: SeregaDanger ($10 in chips) 
Seat 5: xxxbohunxxx ($11.46 in chips) 
Seat 6: TSA958 ($10 in chips) 
TSA958: posts small blind $0.05
Robmanhawha: posts big blind $0.10
*** HOLE CARDS ***
matixwhitty: folds 
JosephO1: calls $0.10
SeregaDanger: folds 
xxxbohunxxx: folds 
TSA958: calls $0.05
Robmanhawha: raises $0.20 to $0.30
JosephO1: calls $0.20
TSA958: calls $0.20
*** FLOP *** [Js Jd 6d]
TSA958: checks 
Robmanhawha: checks 
JosephO1: bets $0.40
TSA958: folds 
Robmanhawha: folds 
Uncalled bet ($0.40) returned to JosephO1
JosephO1 collected $0.86 from pot
JosephO1: doesn't show hand 
*** SUMMARY ***
Total pot $0.90 | Rake $0.04 
Board [Js Jd 6d]
Seat 1: Robmanhawha (big blind) folded on the Flop
Seat 2: matixwhitty folded before Flop (didn't bet)
Seat 3: JosephO1 collected ($0.86)
Seat 4: SeregaDanger folded before Flop (didn't bet)
Seat 5: xxxbohunxxx (button) folded before Flop (didn't bet)
Seat 6: TSA958 (small blind) folded on the Flop



PokerStars Hand #222984082470:  Hold'em No Limit ($0.05/$0.10 USD) - 2021/01/23 22:12:40 ET
Table 'Fabiola II' 6-max Seat #6 is the button
Seat 1: Robmanhawha ($10.92 in chips) 
Seat 2: matixwhitty ($8.20 in chips) 
Seat 3: JosephO1 ($38.17 in chips) 
Seat 4: SeregaDanger ($10 in chips) 
Seat 5: xxxbohunxxx ($11.46 in chips) 
Seat 6: TSA958 ($10 in chips) 
Robmanhawha: posts small blind $0.05
matixwhitty: posts big blind $0.10
*** HOLE CARDS ***
JosephO1: calls $0.10
SeregaDanger: raises $0.50 to $0.60
xxxbohunxxx: folds 
TSA958: folds 
Robmanhawha: folds 
matixwhitty: folds 
JosephO1: calls $0.50
*** FLOP *** [6c 4s 9s]
JosephO1: bets $0.10
SeregaDanger: raises $1.48 to $1.58
JosephO1: calls $1.48
*** TURN *** [6c 4s 9s] [2h]
JosephO1: checks 
SeregaDanger: bets $7.82 and is all-in
JosephO1: folds 
Uncalled bet ($7.82) returned to SeregaDanger
SeregaDanger collected $4.31 from pot
*** SUMMARY ***
Total pot $4.51 | Rake $0.20 
Board [6c 4s 9s 2h]
Seat 1: Robmanhawha (small blind) folded before Flop
Seat 2: matixwhitty (big blind) folded before Flop
Seat 3: JosephO1 folded on the Turn
Seat 4: SeregaDanger collected ($4.31)
Seat 5: xxxbohunxxx folded before Flop (didn't bet)
Seat 6: TSA958 (button) folded before Flop (didn't bet)



PokerStars Hand #222984098596:  Hold'em No Limit ($0.05/$0.10 USD) - 2021/01/23 22:13:24 ET
Table 'Fabiola II' 6-max Seat #1 is the button
Seat 1: Robmanhawha ($10.87 in chips) 
Seat 2: matixwhitty ($8.10 in chips) 
Seat 3: JosephO1 ($35.99 in chips) 
Seat 4: SeregaDanger ($12.13 in chips) 
Seat 5: xxxbohunxxx ($11.46 in chips) 
Seat 6: TSA958 ($10 in chips) 
matixwhitty: posts small blind $0.05
JosephO1: posts big blind $0.10
*** HOLE CARDS ***
SeregaDanger has timed out
SeregaDanger: folds 
xxxbohunxxx: folds 
TSA958: folds 
Robmanhawha: raises $0.20 to $0.30
matixwhitty: folds 
JosephO1: calls $0.20
*** FLOP *** [9s Ac 2s]
JosephO1: checks 
Robmanhawha: bets $0.31
JosephO1: calls $0.31
*** TURN *** [9s Ac 2s] [Qd]
JosephO1: checks 
Robmanhawha: bets $0.61
JosephO1: folds 
Uncalled bet ($0.61) returned to Robmanhawha
Robmanhawha collected $1.21 from pot
Robmanhawha: doesn't show hand 
*** SUMMARY ***
Total pot $1.27 | Rake $0.06 
Board [9s Ac 2s Qd]
Seat 1: Robmanhawha (button) collected ($1.21)
Seat 2: matixwhitty (small blind) folded before Flop
Seat 3: JosephO1 (big blind) folded on the Turn
Seat 4: SeregaDanger folded before Flop (didn't bet)
Seat 5: xxxbohunxxx folded before Flop (didn't bet)
Seat 6: TSA958 folded before Flop (didn't bet)



PokerStars Hand #222984125169:  Hold'em No Limit ($0.05/$0.10 USD) - 2021/01/23 22:14:13 ET
Table 'Fabiola II' 6-max Seat #2 is the button
Seat 1: Robmanhawha ($11.47 in chips) 
Seat 2: matixwhitty ($8.05 in chips) 
Seat 3: JosephO1 ($35.38 in chips) 
Seat 4: SeregaDanger ($12.13 in chips) 
Seat 5: xxxbohunxxx ($11.46 in chips) 
Seat 6: TSA958 ($10 in chips) 
JosephO1: posts small blind $0.05
SeregaDanger: posts big blind $0.10
*** HOLE CARDS ***
xxxbohunxxx: folds 
TSA958: folds 
Robmanhawha: folds 
matixwhitty: folds 
JosephO1: calls $0.05
SeregaDanger: checks 
*** FLOP *** [Jh 8c Qd]
JosephO1: checks 
SeregaDanger: checks 
*** TURN *** [Jh 8c Qd] [7h]
JosephO1: checks 
SeregaDanger: bets $0.13
JosephO1: folds 
Uncalled bet ($0.13) returned to SeregaDanger
SeregaDanger collected $0.19 from pot
*** SUMMARY ***
Total pot $0.20 | Rake $0.01 
Board [Jh 8c Qd 7h]
Seat 1: Robmanhawha folded before Flop (didn't bet)
Seat 2: matixwhitty (button) folded before Flop (didn't bet)
Seat 3: JosephO1 (small blind) folded on the Turn
Seat 4: SeregaDanger (big blind) collected ($0.19)
Seat 5: xxxbohunxxx folded before Flop (didn't bet)
Seat 6: TSA958 folded before Flop (didn't bet)



PokerStars Hand #222984139168:  Hold'em No Limit ($0.05/$0.10 USD) - 2021/01/23 22:14:51 ET
Table 'Fabiola II' 6-max Seat #3 is the button
Seat 1: Robmanhawha ($11.47 in chips) 
Seat 2: matixwhitty ($8.05 in chips) 
Seat 3: JosephO1 ($35.28 in chips) 
Seat 4: SeregaDanger ($12.22 in chips) 
Seat 6: TSA958 ($10 in chips) 
SeregaDanger: posts small blind $0.05
xxxbohunxxx: is sitting out 
TSA958: posts big blind $0.10
*** HOLE CARDS ***
xxxbohunxxx leaves the table
Robmanhawha: folds 
matixwhitty: folds 
JosephO1: calls $0.10
SeregaDanger: folds 
TSA958: checks 
*** FLOP *** [3c Th 3h]
TSA958: checks 
JosephO1: bets $0.10
TSA958: folds 
Uncalled bet ($0.10) returned to JosephO1
JosephO1 collected $0.24 from pot
JosephO1: doesn't show hand 
*** SUMMARY ***
Total pot $0.25 | Rake $0.01 
Board [3c Th 3h]
Seat 1: Robmanhawha folded before Flop (didn't bet)
Seat 2: matixwhitty folded before Flop (didn't bet)
Seat 3: JosephO1 (button) collected ($0.24)
Seat 4: SeregaDanger (small blind) folded before Flop
Seat 6: TSA958 (big blind) folded on the Flop



PokerStars Hand #222984148519:  Hold'em No Limit ($0.05/$0.10 USD) - 2021/01/23 22:15:16 ET
Table 'Fabiola II' 6-max Seat #4 is the button
Seat 1: Robmanhawha ($11.47 in chips) 
Seat 2: matixwhitty ($8.05 in chips) 
Seat 3: JosephO1 ($35.42 in chips) 
Seat 4: SeregaDanger ($12.17 in chips) 
Seat 6: TSA958 ($10 in chips) 
TSA958: posts small blind $0.05
Robmanhawha: posts big blind $0.10
*** HOLE CARDS ***
matixwhitty: folds 
JosephO1: raises $0.10 to $0.20
prochessboard joins the table at seat #5 
SeregaDanger: calls $0.20
TSA958: folds 
Robmanhawha: folds 
*** FLOP *** [2d Ks Ts]
JosephO1: bets $0.10
SeregaDanger: calls $0.10
*** TURN *** [2d Ks Ts] [Jh]
JosephO1: bets $0.10
SeregaDanger: folds 
Uncalled bet ($0.10) returned to JosephO1
JosephO1 collected $0.72 from pot
JosephO1: doesn't show hand 
*** SUMMARY ***
Total pot $0.75 | Rake $0.03 
Board [2d Ks Ts Jh]
Seat 1: Robmanhawha (big blind) folded before Flop
Seat 2: matixwhitty folded before Flop (didn't bet)
Seat 3: JosephO1 collected ($0.72)
Seat 4: SeregaDanger (button) folded on the Turn
Seat 6: TSA958 (small blind) folded before Flop



PokerStars Hand #222984158227:  Hold'em No Limit ($0.05/$0.10 USD) - 2021/01/23 22:15:43 ET
Table 'Fabiola II' 6-max Seat #6 is the button
Seat 1: Robmanhawha ($11.37 in chips) 
Seat 2: matixwhitty ($8.05 in chips) 
Seat 3: JosephO1 ($35.84 in chips) 
Seat 4: SeregaDanger ($11.87 in chips) 
Seat 5: prochessboard ($7 in chips) 
Seat 6: TSA958 ($10 in chips) 
Robmanhawha: posts small blind $0.05
matixwhitty: posts big blind $0.10
prochessboard: posts big blind $0.10
*** HOLE CARDS ***
JosephO1: calls $0.10
SeregaDanger: folds 
prochessboard: raises $0.15 to $0.25
TSA958: folds 
Robmanhawha: folds 
matixwhitty: folds 
JosephO1: calls $0.15
*** FLOP *** [Ts Jc Ks]
JosephO1: checks 
prochessboard: bets $0.31
JosephO1: folds 
Uncalled bet ($0.31) returned to prochessboard
prochessboard collected $0.62 from pot
prochessboard: doesn't show hand 
*** SUMMARY ***
Total pot $0.65 | Rake $0.03 
Board [Ts Jc Ks]
Seat 1: Robmanhawha (small blind) folded before Flop
Seat 2: matixwhitty (big blind) folded before Flop
Seat 3: JosephO1 folded on the Flop
Seat 4: SeregaDanger folded before Flop (didn't bet)
Seat 5: prochessboard collected ($0.62)
Seat 6: TSA958 (button) folded before Flop (didn't bet)



PokerStars Hand #222984170727:  Hold'em No Limit ($0.05/$0.10 USD) - 2021/01/23 22:16:18 ET
Table 'Fabiola II' 6-max Seat #1 is the button
Seat 1: Robmanhawha ($11.32 in chips) 
Seat 2: matixwhitty ($7.95 in chips) 
Seat 3: JosephO1 ($35.59 in chips) 
Seat 4: SeregaDanger ($11.87 in chips) 
Seat 5: prochessboard ($7.37 in chips) 
Seat 6: TSA958 ($10 in chips) 
matixwhitty: posts small blind $0.05
JosephO1: posts big blind $0.10
*** HOLE CARDS ***
SeregaDanger: raises $0.20 to $0.30
prochessboard: folds 
TSA958: folds 
Robmanhawha: folds 
matixwhitty: calls $0.25
JosephO1: calls $0.20
*** FLOP *** [3d 8c 2s]
matixwhitty: checks 
JosephO1: bets $0.10
SeregaDanger: raises $0.73 to $0.83
matixwhitty: calls $0.83
JosephO1: folds 
*** TURN *** [3d 8c 2s] [Jc]
matixwhitty: checks 
SeregaDanger: bets $1.75
matixwhitty: folds 
Uncalled bet ($1.75) returned to SeregaDanger
SeregaDanger collected $2.54 from pot
*** SUMMARY ***
Total pot $2.66 | Rake $0.12 
Board [3d 8c 2s Jc]
Seat 1: Robmanhawha (button) folded before Flop (didn't bet)
Seat 2: matixwhitty (small blind) folded on the Turn
Seat 3: JosephO1 (big blind) folded on the Flop
Seat 4: SeregaDanger collected ($2.54)
Seat 5: prochessboard folded before Flop (didn't bet)
Seat 6: TSA958 folded before Flop (didn't bet)



PokerStars Hand #222984190524:  Hold'em No Limit ($0.05/$0.10 USD) - 2021/01/23 22:17:13 ET
Table 'Fabiola II' 6-max Seat #2 is the button
Seat 1: Robmanhawha ($11.32 in chips) 
Seat 2: matixwhitty ($6.82 in chips) 
Seat 3: JosephO1 ($35.19 in chips) 
Seat 4: SeregaDanger ($13.28 in chips) 
Seat 5: prochessboard ($7.37 in chips) 
Seat 6: TSA958 ($10 in chips) 
JosephO1: posts small blind $0.05
SeregaDanger: posts big blind $0.10
*** HOLE CARDS ***
prochessboard has timed out
prochessboard: folds 
TSA958: folds 
Robmanhawha: folds 
matixwhitty: raises $0.20 to $0.30
JosephO1: calls $0.25
SeregaDanger: folds 
*** FLOP *** [9h 4s Th]
JosephO1: checks 
matixwhitty: checks 
*** TURN *** [9h 4s Th] [3d]
JosephO1: checks 
matixwhitty: checks 
*** RIVER *** [9h 4s Th 3d] [Tc]
JosephO1: checks 
matixwhitty: checks 
*** SHOW DOWN ***
JosephO1: shows [6c Kc] (a pair of Tens)
matixwhitty: shows [Ah 2c] (a pair of Tens - Ace kicker)
matixwhitty collected $0.67 from pot
*** SUMMARY ***
Total pot $0.70 | Rake $0.03 
Board [9h 4s Th 3d Tc]
Seat 1: Robmanhawha folded before Flop (didn't bet)
Seat 2: matixwhitty (button) showed [Ah 2c] and won ($0.67) with a pair of Tens
Seat 3: JosephO1 (small blind) showed [6c Kc] and lost with a pair of Tens
Seat 4: SeregaDanger (big blind) folded before Flop
Seat 5: prochessboard folded before Flop (didn't bet)
Seat 6: TSA958 folded before Flop (didn't bet)



PokerStars Hand #222984210759:  Hold'em No Limit ($0.05/$0.10 USD) - 2021/01/23 22:18:09 ET
Table 'Fabiola II' 6-max Seat #3 is the button
Seat 1: Robmanhawha ($11.32 in chips) 
Seat 2: matixwhitty ($7.19 in chips) 
Seat 3: JosephO1 ($34.89 in chips) 
Seat 4: SeregaDanger ($13.18 in chips) 
Seat 5: prochessboard ($7.37 in chips) 
Seat 6: TSA958 ($10 in chips) 
SeregaDanger: posts small blind $0.05
prochessboard: posts big blind $0.10
*** HOLE CARDS ***
TSA958: folds 
Robmanhawha: folds 
matixwhitty: folds 
JosephO1: raises $0.40 to $0.50
SeregaDanger: folds 
prochessboard: calls $0.40
*** FLOP *** [2s 4d 3s]
prochessboard: checks 
JosephO1: checks 
*** TURN *** [2s 4d 3s] [Qh]
prochessboard: checks 
JosephO1: checks 
*** RIVER *** [2s 4d 3s Qh] [As]
prochessboard: bets $0.50
JosephO1: calls $0.50
*** SHOW DOWN ***
prochessboard: shows [Ad Tc] (a pair of Aces)
JosephO1: shows [Kh Ah] (a pair of Aces - King kicker)
JosephO1 collected $1.96 from pot
*** SUMMARY ***
Total pot $2.05 | Rake $0.09 
Board [2s 4d 3s Qh As]
Seat 1: Robmanhawha folded before Flop (didn't bet)
Seat 2: matixwhitty folded before Flop (didn't bet)
Seat 3: JosephO1 (button) showed [Kh Ah] and won ($1.96) with a pair of Aces
Seat 4: SeregaDanger (small blind) folded before Flop
Seat 5: prochessboard (big blind) showed [Ad Tc] and lost with a pair of Aces
Seat 6: TSA958 folded before Flop (didn't bet)



PokerStars Hand #222984223400:  Hold'em No Limit ($0.05/$0.10 USD) - 2021/01/23 22:18:44 ET
Table 'Fabiola II' 6-max Seat #4 is the button
Seat 1: Robmanhawha ($11.32 in chips) 
Seat 2: matixwhitty ($7.19 in chips) 
Seat 3: JosephO1 ($35.85 in chips) 
Seat 4: SeregaDanger ($13.13 in chips) 
Seat 5: prochessboard ($6.37 in chips) 
Seat 6: TSA958 ($10 in chips) 
prochessboard: posts small blind $0.05
TSA958: posts big blind $0.10
*** HOLE CARDS ***
Robmanhawha: folds 
matixwhitty: folds 
JosephO1: calls $0.10
SeregaDanger: folds 
prochessboard: folds 
TSA958: raises $0.40 to $0.50
JosephO1: calls $0.40
*** FLOP *** [8s 2c Js]
TSA958: bets $0.80
JosephO1: calls $0.80
*** TURN *** [8s 2c Js] [5d]
TSA958: bets $1.70
JosephO1: folds 
Uncalled bet ($1.70) returned to TSA958
TSA958 collected $2.53 from pot
TSA958: doesn't show hand 
*** SUMMARY ***
Total pot $2.65 | Rake $0.12 
Board [8s 2c Js 5d]
Seat 1: Robmanhawha folded before Flop (didn't bet)
Seat 2: matixwhitty folded before Flop (didn't bet)
Seat 3: JosephO1 folded on the Turn
Seat 4: SeregaDanger (button) folded before Flop (didn't bet)
Seat 5: prochessboard (small blind) folded before Flop
Seat 6: TSA958 (big blind) collected ($2.53)



PokerStars Hand #222984239111:  Hold'em No Limit ($0.05/$0.10 USD) - 2021/01/23 22:19:28 ET
Table 'Fabiola II' 6-max Seat #5 is the button
Seat 1: Robmanhawha ($11.32 in chips) 
Seat 2: matixwhitty ($7.19 in chips) 
Seat 3: JosephO1 ($34.55 in chips) 
Seat 4: SeregaDanger ($13.13 in chips) 
Seat 5: prochessboard ($6.32 in chips) 
Seat 6: TSA958 ($11.23 in chips) 
TSA958: posts small blind $0.05
Robmanhawha: posts big blind $0.10
*** HOLE CARDS ***
matixwhitty: folds 
JosephO1: calls $0.10
SeregaDanger: folds 
prochessboard: folds 
TSA958: calls $0.05
Robmanhawha: checks 
*** FLOP *** [8c As Ts]
TSA958: checks 
Robmanhawha: checks 
JosephO1: checks 
*** TURN *** [8c As Ts] [Kh]
TSA958: checks 
Robmanhawha: checks 
JosephO1: checks 
*** RIVER *** [8c As Ts Kh] [Kc]
TSA958: checks 
Robmanhawha: checks 
JosephO1: checks 
*** SHOW DOWN ***
TSA958: shows [Jd Tc] (two pair, Kings and Tens)
Robmanhawha: mucks hand 
JosephO1: mucks hand 
TSA958 collected $0.29 from pot
*** SUMMARY ***
Total pot $0.30 | Rake $0.01 
Board [8c As Ts Kh Kc]
Seat 1: Robmanhawha (big blind) mucked
Seat 2: matixwhitty folded before Flop (didn't bet)
Seat 3: JosephO1 mucked
Seat 4: SeregaDanger folded before Flop (didn't bet)
Seat 5: prochessboard (button) folded before Flop (didn't bet)
Seat 6: TSA958 (small blind) showed [Jd Tc] and won ($0.29) with two pair, Kings and Tens



PokerStars Hand #222984251409:  Hold'em No Limit ($0.05/$0.10 USD) - 2021/01/23 22:20:01 ET
Table 'Fabiola II' 6-max Seat #6 is the button
Seat 1: Robmanhawha ($11.22 in chips) 
Seat 2: matixwhitty ($7.19 in chips) 
Seat 3: JosephO1 ($34.45 in chips) 
Seat 4: SeregaDanger ($13.13 in chips) 
Seat 5: prochessboard ($6.32 in chips) 
Seat 6: TSA958 ($11.42 in chips) 
Robmanhawha: posts small blind $0.05
matixwhitty: posts big blind $0.10
*** HOLE CARDS ***
JosephO1: calls $0.10
SeregaDanger: folds 
prochessboard: folds 
TSA958: raises $0.40 to $0.50
Robmanhawha: folds 
matixwhitty: folds 
JosephO1: calls $0.40
*** FLOP *** [As 2s Kh]
JosephO1: checks 
TSA958: bets $0.80
JosephO1: calls $0.80
*** TURN *** [As 2s Kh] [8c]
JosephO1: checks 
TSA958: bets $2
JosephO1: folds 
Uncalled bet ($2) returned to TSA958
TSA958 collected $2.63 from pot
TSA958: doesn't show hand 
*** SUMMARY ***
Total pot $2.75 | Rake $0.12 
Board [As 2s Kh 8c]
Seat 1: Robmanhawha (small blind) folded before Flop
Seat 2: matixwhitty (big blind) folded before Flop
Seat 3: JosephO1 folded on the Turn
Seat 4: SeregaDanger folded before Flop (didn't bet)
Seat 5: prochessboard folded before Flop (didn't bet)
Seat 6: TSA958 (button) collected ($2.63)



PokerStars Hand #222984271719:  Hold'em No Limit ($0.05/$0.10 USD) - 2021/01/23 22:20:58 ET
Table 'Fabiola II' 6-max Seat #1 is the button
Seat 1: Robmanhawha ($11.17 in chips) 
Seat 2: matixwhitty ($7.09 in chips) 
Seat 3: JosephO1 ($33.15 in chips) 
Seat 4: SeregaDanger ($13.13 in chips) 
Seat 5: prochessboard ($6.32 in chips) 
Seat 6: TSA958 ($12.75 in chips) 
matixwhitty: posts small blind $0.05
JosephO1: posts big blind $0.10
*** HOLE CARDS ***
SeregaDanger has timed out
SeregaDanger: folds 
prochessboard: folds 
TSA958: folds 
Robmanhawha: folds 
matixwhitty: raises $0.20 to $0.30
JosephO1: calls $0.20
*** FLOP *** [2d Ad 7d]
matixwhitty: checks 
JosephO1: checks 
*** TURN *** [2d Ad 7d] [8s]
matixwhitty: bets $0.28
JosephO1: calls $0.28
*** RIVER *** [2d Ad 7d 8s] [As]
matixwhitty: bets $1.11
JosephO1: folds 
Uncalled bet ($1.11) returned to matixwhitty
matixwhitty collected $1.11 from pot
matixwhitty: doesn't show hand 
*** SUMMARY ***
Total pot $1.16 | Rake $0.05 
Board [2d Ad 7d 8s As]
Seat 1: Robmanhawha (button) folded before Flop (didn't bet)
Seat 2: matixwhitty (small blind) collected ($1.11)
Seat 3: JosephO1 (big blind) folded on the River
Seat 4: SeregaDanger folded before Flop (didn't bet)
Seat 5: prochessboard folded before Flop (didn't bet)
Seat 6: TSA958 folded before Flop (didn't bet)



PokerStars Hand #222984286023:  Hold'em No Limit ($0.05/$0.10 USD) - 2021/01/23 22:21:38 ET
Table 'Fabiola II' 6-max Seat #2 is the button
Seat 1: Robmanhawha ($11.17 in chips) 
Seat 2: matixwhitty ($7.62 in chips) 
Seat 3: JosephO1 ($32.57 in chips) 
Seat 4: SeregaDanger ($13.13 in chips) 
Seat 5: prochessboard ($6.32 in chips) 
Seat 6: TSA958 ($12.75 in chips) 
JosephO1: posts small blind $0.05
SeregaDanger: posts big blind $0.10
*** HOLE CARDS ***
prochessboard: folds 
TSA958: folds 
Robmanhawha: folds 
matixwhitty: raises $0.20 to $0.30
JosephO1: calls $0.25
SeregaDanger: folds 
*** FLOP *** [Qh Jh 7d]
JosephO1: bets $0.40
matixwhitty: folds 
Uncalled bet ($0.40) returned to JosephO1
JosephO1 collected $0.67 from pot
JosephO1: doesn't show hand 
*** SUMMARY ***
Total pot $0.70 | Rake $0.03 
Board [Qh Jh 7d]
Seat 1: Robmanhawha folded before Flop (didn't bet)
Seat 2: matixwhitty (button) folded on the Flop
Seat 3: JosephO1 (small blind) collected ($0.67)
Seat 4: SeregaDanger (big blind) folded before Flop
Seat 5: prochessboard folded before Flop (didn't bet)
Seat 6: TSA958 folded before Flop (didn't bet)



PokerStars Hand #222984297282:  Hold'em No Limit ($0.05/$0.10 USD) - 2021/01/23 22:22:09 ET
Table 'Fabiola II' 6-max Seat #3 is the button
Seat 1: Robmanhawha ($11.17 in chips) 
Seat 2: matixwhitty ($7.32 in chips) 
Seat 3: JosephO1 ($32.94 in chips) 
Seat 4: SeregaDanger ($13.03 in chips) 
Seat 5: prochessboard ($6.32 in chips) 
Seat 6: TSA958 ($12.75 in chips) 
SeregaDanger: posts small blind $0.05
prochessboard: posts big blind $0.10
*** HOLE CARDS ***
TSA958: folds 
Robmanhawha: folds 
matixwhitty: folds 
JosephO1: raises $0.10 to $0.20
SeregaDanger: folds 
prochessboard: folds 
Uncalled bet ($0.10) returned to JosephO1
JosephO1 collected $0.25 from pot
JosephO1: doesn't show hand 
*** SUMMARY ***
Total pot $0.25 | Rake $0 
Seat 1: Robmanhawha folded before Flop (didn't bet)
Seat 2: matixwhitty folded before Flop (didn't bet)
Seat 3: JosephO1 (button) collected ($0.25)
Seat 4: SeregaDanger (small blind) folded before Flop
Seat 5: prochessboard (big blind) folded before Flop
Seat 6: TSA958 folded before Flop (didn't bet)



PokerStars Hand #222984305430:  Hold'em No Limit ($0.05/$0.10 USD) - 2021/01/23 22:22:32 ET
Table 'Fabiola II' 6-max Seat #4 is the button
Seat 1: Robmanhawha ($11.17 in chips) 
Seat 2: matixwhitty ($7.32 in chips) 
Seat 3: JosephO1 ($33.09 in chips) 
Seat 4: SeregaDanger ($12.98 in chips) 
Seat 5: prochessboard ($6.22 in chips) 
Seat 6: TSA958 ($12.75 in chips) 
prochessboard: posts small blind $0.05
TSA958: posts big blind $0.10
*** HOLE CARDS ***
Robmanhawha: folds 
matixwhitty: folds 
JosephO1: raises $0.40 to $0.50
SeregaDanger: calls $0.50
prochessboard: folds 
TSA958: folds 
*** FLOP *** [Jd 2h 7d]
JosephO1: bets $0.10
SeregaDanger: calls $0.10
*** TURN *** [Jd 2h 7d] [5h]
JosephO1: bets $0.50
SeregaDanger: folds 
Uncalled bet ($0.50) returned to JosephO1
JosephO1 collected $1.29 from pot
JosephO1: doesn't show hand 
*** SUMMARY ***
Total pot $1.35 | Rake $0.06 
Board [Jd 2h 7d 5h]
Seat 1: Robmanhawha folded before Flop (didn't bet)
Seat 2: matixwhitty folded before Flop (didn't bet)
Seat 3: JosephO1 collected ($1.29)
Seat 4: SeregaDanger (button) folded on the Turn
Seat 5: prochessboard (small blind) folded before Flop
Seat 6: TSA958 (big blind) folded before Flop



PokerStars Hand #222984319624:  Hold'em No Limit ($0.05/$0.10 USD) - 2021/01/23 22:23:12 ET
Table 'Fabiola II' 6-max Seat #5 is the button
Seat 1: Robmanhawha ($11.17 in chips) 
Seat 2: matixwhitty ($7.32 in chips) 
Seat 3: JosephO1 ($33.78 in chips) 
Seat 4: SeregaDanger ($12.38 in chips) 
Seat 5: prochessboard ($6.17 in chips) 
Seat 6: TSA958 ($12.65 in chips) 
TSA958: posts small blind $0.05
Robmanhawha: posts big blind $0.10
*** HOLE CARDS ***
matixwhitty: folds 
JosephO1: raises $0.10 to $0.20
SeregaDanger: folds 
prochessboard: raises $0.40 to $0.60
TSA958: folds 
Robmanhawha: folds 
JosephO1: calls $0.40
*** FLOP *** [6c 5s 9s]
JosephO1: checks 
prochessboard: bets $0.40
JosephO1: calls $0.40
*** TURN *** [6c 5s 9s] [8d]
JosephO1: checks 
prochessboard: checks 
*** RIVER *** [6c 5s 9s 8d] [Kd]
JosephO1: checks 
prochessboard: bets $0.70
JosephO1: folds 
Uncalled bet ($0.70) returned to prochessboard
prochessboard collected $2.05 from pot
prochessboard: doesn't show hand 
*** SUMMARY ***
Total pot $2.15 | Rake $0.10 
Board [6c 5s 9s 8d Kd]
Seat 1: Robmanhawha (big blind) folded before Flop
Seat 2: matixwhitty folded before Flop (didn't bet)
Seat 3: JosephO1 folded on the River
Seat 4: SeregaDanger folded before Flop (didn't bet)
Seat 5: prochessboard (button) collected ($2.05)
Seat 6: TSA958 (small blind) folded before Flop



PokerStars Hand #222984343379:  Hold'em No Limit ($0.05/$0.10 USD) - 2021/01/23 22:24:19 ET
Table 'Fabiola II' 6-max Seat #6 is the button
Seat 1: Robmanhawha ($11.07 in chips) 
Seat 2: matixwhitty ($7.32 in chips) 
Seat 3: JosephO1 ($32.78 in chips) 
Seat 4: SeregaDanger ($12.38 in chips) 
Seat 5: prochessboard ($7.22 in chips) 
Seat 6: TSA958 ($12.60 in chips) 
Robmanhawha: posts small blind $0.05
matixwhitty: posts big blind $0.10
*** HOLE CARDS ***
JosephO1: calls $0.10
SeregaDanger: folds 
prochessboard: raises $0.20 to $0.30
TSA958: folds 
Robmanhawha: folds 
matixwhitty: folds 
JosephO1: calls $0.20
*** FLOP *** [2s 8s 3s]
JosephO1: bets $0.30
prochessboard: folds 
Uncalled bet ($0.30) returned to JosephO1
JosephO1 collected $0.72 from pot
JosephO1: doesn't show hand 
*** SUMMARY ***
Total pot $0.75 | Rake $0.03 
Board [2s 8s 3s]
Seat 1: Robmanhawha (small blind) folded before Flop
Seat 2: matixwhitty (big blind) folded before Flop
Seat 3: JosephO1 collected ($0.72)
Seat 4: SeregaDanger folded before Flop (didn't bet)
Seat 5: prochessboard folded on the Flop
Seat 6: TSA958 (button) folded before Flop (didn't bet)



PokerStars Hand #222984355272:  Hold'em No Limit ($0.05/$0.10 USD) - 2021/01/23 22:24:53 ET
Table 'Fabiola II' 6-max Seat #1 is the button
Seat 1: Robmanhawha ($11.02 in chips) 
Seat 2: matixwhitty ($7.22 in chips) 
Seat 3: JosephO1 ($33.20 in chips) 
Seat 4: SeregaDanger ($12.38 in chips) 
Seat 5: prochessboard ($6.92 in chips) 
Seat 6: TSA958 ($12.60 in chips) 
matixwhitty: posts small blind $0.05
JosephO1: posts big blind $0.10
*** HOLE CARDS ***
SeregaDanger: folds 
prochessboard: raises $0.20 to $0.30
TSA958: folds 
Robmanhawha: folds 
matixwhitty: folds 
JosephO1: raises $0.20 to $0.50
prochessboard: calls $0.20
*** FLOP *** [8h Kh 9s]
JosephO1: bets $0.10
prochessboard: raises $0.60 to $0.70
JosephO1: calls $0.60
*** TURN *** [8h Kh 9s] [Tc]
JosephO1: checks 
prochessboard: bets $1.50
JosephO1: folds 
Uncalled bet ($1.50) returned to prochessboard
prochessboard collected $2.34 from pot
prochessboard: doesn't show hand 
*** SUMMARY ***
Total pot $2.45 | Rake $0.11 
Board [8h Kh 9s Tc]
Seat 1: Robmanhawha (button) folded before Flop (didn't bet)
Seat 2: matixwhitty (small blind) folded before Flop
Seat 3: JosephO1 (big blind) folded on the Turn
Seat 4: SeregaDanger folded before Flop (didn't bet)
Seat 5: prochessboard collected ($2.34)
Seat 6: TSA958 folded before Flop (didn't bet)



PokerStars Hand #222984382748:  Hold'em No Limit ($0.05/$0.10 USD) - 2021/01/23 22:26:03 ET
Table 'Fabiola II' 6-max Seat #2 is the button
Seat 1: Robmanhawha ($11.02 in chips) 
Seat 2: matixwhitty ($7.17 in chips) 
Seat 3: JosephO1 ($32 in chips) 
Seat 4: SeregaDanger ($12.38 in chips) 
Seat 5: prochessboard ($8.06 in chips) 
Seat 6: TSA958 ($12.60 in chips) 
JosephO1: posts small blind $0.05
SeregaDanger: posts big blind $0.10
*** HOLE CARDS ***
prochessboard: folds 
TSA958: folds 
Robmanhawha: folds 
matixwhitty: folds 
JosephO1: raises $0.10 to $0.20
SeregaDanger: calls $0.10
*** FLOP *** [9c Ad 7c]
JosephO1: bets $0.40
SeregaDanger: folds 
Uncalled bet ($0.40) returned to JosephO1
JosephO1 collected $0.38 from pot
JosephO1: doesn't show hand 
*** SUMMARY ***
Total pot $0.40 | Rake $0.02 
Board [9c Ad 7c]
Seat 1: Robmanhawha folded before Flop (didn't bet)
Seat 2: matixwhitty (button) folded before Flop (didn't bet)
Seat 3: JosephO1 (small blind) collected ($0.38)
Seat 4: SeregaDanger (big blind) folded on the Flop
Seat 5: prochessboard folded before Flop (didn't bet)
Seat 6: TSA958 folded before Flop (didn't bet)



PokerStars Hand #222984391840:  Hold'em No Limit ($0.05/$0.10 USD) - 2021/01/23 22:26:29 ET
Table 'Fabiola II' 6-max Seat #3 is the button
Seat 1: Robmanhawha ($11.02 in chips) 
Seat 2: matixwhitty ($7.17 in chips) 
Seat 3: JosephO1 ($32.18 in chips) 
Seat 4: SeregaDanger ($12.18 in chips) 
Seat 5: prochessboard ($8.06 in chips) 
Seat 6: TSA958 ($12.60 in chips) 
SeregaDanger: posts small blind $0.05
prochessboard: posts big blind $0.10
*** HOLE CARDS ***
TSA958: raises $0.20 to $0.30
Robmanhawha: folds 
matixwhitty: folds 
JosephO1: calls $0.30
SeregaDanger: folds 
prochessboard: folds 
*** FLOP *** [8h 9h Kc]
TSA958: checks 
JosephO1: bets $0.60
TSA958: folds 
Uncalled bet ($0.60) returned to JosephO1
JosephO1 collected $0.72 from pot
JosephO1: doesn't show hand 
*** SUMMARY ***
Total pot $0.75 | Rake $0.03 
Board [8h 9h Kc]
Seat 1: Robmanhawha folded before Flop (didn't bet)
Seat 2: matixwhitty folded before Flop (didn't bet)
Seat 3: JosephO1 (button) collected ($0.72)
Seat 4: SeregaDanger (small blind) folded before Flop
Seat 5: prochessboard (big blind) folded before Flop
Seat 6: TSA958 folded on the Flop



PokerStars Hand #222984399848:  Hold'em No Limit ($0.05/$0.10 USD) - 2021/01/23 22:26:51 ET
Table 'Fabiola II' 6-max Seat #4 is the button
Seat 1: Robmanhawha ($11.02 in chips) 
Seat 2: matixwhitty ($7.17 in chips) 
Seat 3: JosephO1 ($32.60 in chips) 
Seat 4: SeregaDanger ($12.13 in chips) 
Seat 5: prochessboard ($7.96 in chips) 
Seat 6: TSA958 ($12.30 in chips) 
prochessboard: posts small blind $0.05
TSA958: posts big blind $0.10
*** HOLE CARDS ***
Robmanhawha: folds 
matixwhitty: folds 
JosephO1: raises $0.10 to $0.20
SeregaDanger: folds 
prochessboard: folds 
TSA958: folds 
Uncalled bet ($0.10) returned to JosephO1
JosephO1 collected $0.25 from pot
JosephO1: doesn't show hand 
*** SUMMARY ***
Total pot $0.25 | Rake $0 
Seat 1: Robmanhawha folded before Flop (didn't bet)
Seat 2: matixwhitty folded before Flop (didn't bet)
Seat 3: JosephO1 collected ($0.25)
Seat 4: SeregaDanger (button) folded before Flop (didn't bet)
Seat 5: prochessboard (small blind) folded before Flop
Seat 6: TSA958 (big blind) folded before Flop



PokerStars Hand #222984405131:  Hold'em No Limit ($0.05/$0.10 USD) - 2021/01/23 22:27:06 ET
Table 'Fabiola II' 6-max Seat #5 is the button
Seat 1: Robmanhawha ($11.02 in chips) 
Seat 2: matixwhitty ($7.17 in chips) 
Seat 3: JosephO1 ($32.75 in chips) 
Seat 4: SeregaDanger ($12.13 in chips) 
Seat 5: prochessboard ($7.91 in chips) 
Seat 6: TSA958 ($12.20 in chips) 
TSA958: posts small blind $0.05
Robmanhawha: posts big blind $0.10
*** HOLE CARDS ***
matixwhitty: folds 
JosephO1: raises $0.10 to $0.20
SeregaDanger: folds 
prochessboard: folds 
TSA958: folds 
Robmanhawha: folds 
Uncalled bet ($0.10) returned to JosephO1
JosephO1 collected $0.25 from pot
JosephO1: doesn't show hand 
*** SUMMARY ***
Total pot $0.25 | Rake $0 
Seat 1: Robmanhawha (big blind) folded before Flop
Seat 2: matixwhitty folded before Flop (didn't bet)
Seat 3: JosephO1 collected ($0.25)
Seat 4: SeregaDanger folded before Flop (didn't bet)
Seat 5: prochessboard (button) folded before Flop (didn't bet)
Seat 6: TSA958 (small blind) folded before Flop



PokerStars Hand #222984408538:  Hold'em No Limit ($0.05/$0.10 USD) - 2021/01/23 22:27:16 ET
Table 'Fabiola II' 6-max Seat #6 is the button
Seat 1: Robmanhawha ($10.92 in chips) 
Seat 2: matixwhitty ($7.17 in chips) 
Seat 3: JosephO1 ($32.90 in chips) 
Seat 4: SeregaDanger ($12.13 in chips) 
Seat 5: prochessboard ($7.91 in chips) 
Seat 6: TSA958 ($12.15 in chips) 
Robmanhawha: posts small blind $0.05
matixwhitty: posts big blind $0.10
*** HOLE CARDS ***
JosephO1: raises $0.40 to $0.50
SeregaDanger: folds 
prochessboard: folds 
TSA958: calls $0.50
Robmanhawha: folds 
matixwhitty: folds 
*** FLOP *** [Jc 8d 4d]
JosephO1: bets $0.40
TSA958: raises $0.40 to $0.80
JosephO1: calls $0.40
*** TURN *** [Jc 8d 4d] [6s]
JosephO1: checks 
TSA958: bets $1.80
JosephO1: calls $1.80
*** RIVER *** [Jc 8d 4d 6s] [3d]
JosephO1: checks 
TSA958: checks 
*** SHOW DOWN ***
JosephO1: shows [7s 4c] (a pair of Fours)
TSA958: shows [Jd Jh] (three of a kind, Jacks)
TSA958 collected $6.06 from pot
*** SUMMARY ***
Total pot $6.35 | Rake $0.29 
Board [Jc 8d 4d 6s 3d]
Seat 1: Robmanhawha (small blind) folded before Flop
Seat 2: matixwhitty (big blind) folded before Flop
Seat 3: JosephO1 showed [7s 4c] and lost with a pair of Fours
Seat 4: SeregaDanger folded before Flop (didn't bet)
Seat 5: prochessboard folded before Flop (didn't bet)
Seat 6: TSA958 (button) showed [Jd Jh] and won ($6.06) with three of a kind, Jacks



