PokerStars Hand #222976071219:  Hold'em No Limit ($0.05/$0.10 USD) - 2021/01/23 17:47:25 ET
Table 'Odysseus III' 6-max Seat #1 is the button
Seat 1: 0TheMouse0 ($10 in chips) 
Seat 2: andrew_yar ($20.71 in chips) 
Seat 3: Bursitet ($7.42 in chips) 
Seat 4: Danut Stoica ($15.15 in chips) 
Seat 5: vilemo20 ($11.14 in chips) 
Seat 6: ojeriza ($18.75 in chips) 
andrew_yar: posts small blind $0.05
Bursitet: posts big blind $0.10
*** HOLE CARDS ***
Danut Stoica: folds 
vilemo20: folds 
ojeriza: raises $0.18 to $0.28
0TheMouse0: folds 
andrew_yar: folds 
Bursitet: calls $0.18
*** FLOP *** [4h 8c Tc]
Bursitet: checks 
ojeriza: checks 
*** TURN *** [4h 8c Tc] [Ts]
Bursitet: checks 
ojeriza: checks 
*** RIVER *** [4h 8c Tc Ts] [Kd]
Bursitet: checks 
ojeriza: checks 
*** SHOW DOWN ***
Bursitet: shows [9d Kh] (two pair, Kings and Tens)
ojeriza: mucks hand 
Bursitet collected $0.58 from pot
*** SUMMARY ***
Total pot $0.61 | Rake $0.03 
Board [4h 8c Tc Ts Kd]
Seat 1: 0TheMouse0 (button) folded before Flop (didn't bet)
Seat 2: andrew_yar (small blind) folded before Flop
Seat 3: Bursitet (big blind) showed [9d Kh] and won ($0.58) with two pair, Kings and Tens
Seat 4: Danut Stoica folded before Flop (didn't bet)
Seat 5: vilemo20 folded before Flop (didn't bet)
Seat 6: ojeriza mucked



PokerStars Hand #222976104861:  Hold'em No Limit ($0.05/$0.10 USD) - 2021/01/23 17:48:10 ET
Table 'Odysseus III' 6-max Seat #2 is the button
Seat 1: 0TheMouse0 ($10 in chips) 
Seat 2: andrew_yar ($20.66 in chips) 
Seat 3: Bursitet ($7.72 in chips) 
Seat 4: Danut Stoica ($15.15 in chips) 
Seat 5: vilemo20 ($11.14 in chips) 
Seat 6: ojeriza ($18.47 in chips) 
Bursitet: posts small blind $0.05
Danut Stoica: posts big blind $0.10
*** HOLE CARDS ***
vilemo20: folds 
ojeriza: folds 
0TheMouse0: folds 
andrew_yar: raises $0.15 to $0.25
Bursitet: raises $7.47 to $7.72 and is all-in
Danut Stoica: folds 
andrew_yar: folds 
Uncalled bet ($7.47) returned to Bursitet
Bursitet collected $0.60 from pot
Bursitet: doesn't show hand 
*** SUMMARY ***
Total pot $0.60 | Rake $0 
Seat 1: 0TheMouse0 folded before Flop (didn't bet)
Seat 2: andrew_yar (button) folded before Flop
Seat 3: Bursitet (small blind) collected ($0.60)
Seat 4: Danut Stoica (big blind) folded before Flop
Seat 5: vilemo20 folded before Flop (didn't bet)
Seat 6: ojeriza folded before Flop (didn't bet)



PokerStars Hand #222976124521:  Hold'em No Limit ($0.05/$0.10 USD) - 2021/01/23 17:48:37 ET
Table 'Odysseus III' 6-max Seat #3 is the button
Seat 1: 0TheMouse0 ($10 in chips) 
Seat 2: andrew_yar ($20.41 in chips) 
Seat 3: Bursitet ($8.07 in chips) 
Seat 4: Danut Stoica ($15.05 in chips) 
Seat 5: vilemo20 ($11.14 in chips) 
Seat 6: ojeriza ($18.47 in chips) 
Danut Stoica: posts small blind $0.05
vilemo20: posts big blind $0.10
*** HOLE CARDS ***
ojeriza: folds 
0TheMouse0: raises $0.15 to $0.25
andrew_yar: folds 
Bursitet: calls $0.25
Danut Stoica: folds 
vilemo20: folds 
*** FLOP *** [4s 9c Ah]
0TheMouse0: checks 
Bursitet: checks 
*** TURN *** [4s 9c Ah] [7h]
0TheMouse0: checks 
Bursitet: bets $0.30
0TheMouse0: folds 
Uncalled bet ($0.30) returned to Bursitet
Bursitet collected $0.62 from pot
Bursitet: doesn't show hand 
*** SUMMARY ***
Total pot $0.65 | Rake $0.03 
Board [4s 9c Ah 7h]
Seat 1: 0TheMouse0 folded on the Turn
Seat 2: andrew_yar folded before Flop (didn't bet)
Seat 3: Bursitet (button) collected ($0.62)
Seat 4: Danut Stoica (small blind) folded before Flop
Seat 5: vilemo20 (big blind) folded before Flop
Seat 6: ojeriza folded before Flop (didn't bet)



PokerStars Hand #222976145006:  Hold'em No Limit ($0.05/$0.10 USD) - 2021/01/23 17:49:04 ET
Table 'Odysseus III' 6-max Seat #4 is the button
Seat 1: 0TheMouse0 ($10 in chips) 
Seat 2: andrew_yar ($20.41 in chips) 
Seat 3: Bursitet ($8.44 in chips) 
Seat 4: Danut Stoica ($15 in chips) 
Seat 5: vilemo20 ($11.04 in chips) 
Seat 6: ojeriza ($18.47 in chips) 
vilemo20: posts small blind $0.05
ojeriza: posts big blind $0.10
*** HOLE CARDS ***
0TheMouse0: folds 
andrew_yar: folds 
Bursitet: raises $0.22 to $0.32
Danut Stoica: raises $0.48 to $0.80
vilemo20: folds 
ojeriza: folds 
Bursitet: calls $0.48
*** FLOP *** [Qs 4h 6s]
Bursitet: checks 
Danut Stoica: bets $0.87
Bursitet: calls $0.87
*** TURN *** [Qs 4h 6s] [9h]
Bursitet: checks 
Danut Stoica: bets $1.73
Bursitet: calls $1.73
*** RIVER *** [Qs 4h 6s 9h] [4c]
Bursitet: checks 
Danut Stoica: checks 
*** SHOW DOWN ***
Bursitet: shows [As Kd] (a pair of Fours)
Danut Stoica: shows [Th Qc] (two pair, Queens and Fours)
Danut Stoica collected $6.64 from pot
*** SUMMARY ***
Total pot $6.95 | Rake $0.31 
Board [Qs 4h 6s 9h 4c]
Seat 1: 0TheMouse0 folded before Flop (didn't bet)
Seat 2: andrew_yar folded before Flop (didn't bet)
Seat 3: Bursitet showed [As Kd] and lost with a pair of Fours
Seat 4: Danut Stoica (button) showed [Th Qc] and won ($6.64) with two pair, Queens and Fours
Seat 5: vilemo20 (small blind) folded before Flop
Seat 6: ojeriza (big blind) folded before Flop



PokerStars Hand #222976185790:  Hold'em No Limit ($0.05/$0.10 USD) - 2021/01/23 17:50:00 ET
Table 'Odysseus III' 6-max Seat #5 is the button
Seat 1: 0TheMouse0 ($10 in chips) 
Seat 2: andrew_yar ($20.41 in chips) 
Seat 3: Bursitet ($5.04 in chips) 
Seat 4: Danut Stoica ($18.24 in chips) 
Seat 5: vilemo20 ($10.99 in chips) 
Seat 6: ojeriza ($18.37 in chips) 
ojeriza: posts small blind $0.05
0TheMouse0: posts big blind $0.10
*** HOLE CARDS ***
andrew_yar: raises $0.20 to $0.30
Bursitet: raises $0.20 to $0.50
Danut Stoica: folds 
vilemo20: folds 
ojeriza: folds 
0TheMouse0: folds 
andrew_yar: calls $0.20
*** FLOP *** [Js 9s 8s]
andrew_yar: checks 
Bursitet: checks 
*** TURN *** [Js 9s 8s] [Kh]
andrew_yar: checks 
Bursitet: bets $0.81
andrew_yar: calls $0.81
*** RIVER *** [Js 9s 8s Kh] [Qd]
andrew_yar: checks 
Bursitet: bets $1.96
andrew_yar: calls $1.96
*** SHOW DOWN ***
Bursitet: shows [7h 2h] (high card King)
andrew_yar: shows [Kc Qs] (two pair, Kings and Queens)
andrew_yar collected $6.39 from pot
*** SUMMARY ***
Total pot $6.69 | Rake $0.30 
Board [Js 9s 8s Kh Qd]
Seat 1: 0TheMouse0 (big blind) folded before Flop
Seat 2: andrew_yar showed [Kc Qs] and won ($6.39) with two pair, Kings and Queens
Seat 3: Bursitet showed [7h 2h] and lost with high card King
Seat 4: Danut Stoica folded before Flop (didn't bet)
Seat 5: vilemo20 (button) folded before Flop (didn't bet)
Seat 6: ojeriza (small blind) folded before Flop



PokerStars Hand #222976232779:  Hold'em No Limit ($0.05/$0.10 USD) - 2021/01/23 17:51:04 ET
Table 'Odysseus III' 6-max Seat #6 is the button
Seat 1: 0TheMouse0 ($10 in chips) 
Seat 2: andrew_yar ($23.53 in chips) 
Seat 3: Bursitet ($1.77 in chips) 
Seat 4: Danut Stoica ($18.24 in chips) 
Seat 5: vilemo20 ($10.99 in chips) 
Seat 6: ojeriza ($18.32 in chips) 
0TheMouse0: posts small blind $0.05
andrew_yar: posts big blind $0.10
*** HOLE CARDS ***
Bursitet: folds 
Danut Stoica has timed out
Danut Stoica: folds 
vilemo20: folds 
ojeriza: folds 
0TheMouse0: folds 
Uncalled bet ($0.05) returned to andrew_yar
andrew_yar collected $0.10 from pot
andrew_yar: doesn't show hand 
*** SUMMARY ***
Total pot $0.10 | Rake $0 
Seat 1: 0TheMouse0 (small blind) folded before Flop
Seat 2: andrew_yar (big blind) collected ($0.10)
Seat 3: Bursitet folded before Flop (didn't bet)
Seat 4: Danut Stoica folded before Flop (didn't bet)
Seat 5: vilemo20 folded before Flop (didn't bet)
Seat 6: ojeriza (button) folded before Flop (didn't bet)



PokerStars Hand #222976246244:  Hold'em No Limit ($0.05/$0.10 USD) - 2021/01/23 17:51:22 ET
Table 'Odysseus III' 6-max Seat #1 is the button
Seat 1: 0TheMouse0 ($10 in chips) 
Seat 2: andrew_yar ($23.58 in chips) 
Seat 3: Bursitet ($1.77 in chips) 
Seat 5: vilemo20 ($10.99 in chips) 
Seat 6: ojeriza ($18.32 in chips) 
andrew_yar: posts small blind $0.05
Bursitet: posts big blind $0.10
*** HOLE CARDS ***
vilemo20: raises $0.20 to $0.30
ojeriza: folds 
0TheMouse0: folds 
andrew_yar: folds 
Bursitet: raises $1.47 to $1.77 and is all-in
vilemo20: calls $1.47
*** FLOP *** [6c 4h 3c]
*** TURN *** [6c 4h 3c] [2h]
*** RIVER *** [6c 4h 3c 2h] [6h]
*** SHOW DOWN ***
Bursitet: shows [8d Jd] (a pair of Sixes)
vilemo20: shows [9s As] (a pair of Sixes - Ace kicker)
vilemo20 collected $3.43 from pot
*** SUMMARY ***
Total pot $3.59 | Rake $0.16 
Board [6c 4h 3c 2h 6h]
Seat 1: 0TheMouse0 (button) folded before Flop (didn't bet)
Seat 2: andrew_yar (small blind) folded before Flop
Seat 3: Bursitet (big blind) showed [8d Jd] and lost with a pair of Sixes
Seat 5: vilemo20 showed [9s As] and won ($3.43) with a pair of Sixes
Seat 6: ojeriza folded before Flop (didn't bet)



PokerStars Hand #222976264502:  Hold'em No Limit ($0.05/$0.10 USD) - 2021/01/23 17:51:47 ET
Table 'Odysseus III' 6-max Seat #2 is the button
Seat 1: 0TheMouse0 ($10 in chips) 
Seat 2: andrew_yar ($23.53 in chips) 
Seat 4: Danut Stoica ($18.24 in chips) 
Seat 5: vilemo20 ($12.65 in chips) 
Seat 6: ojeriza ($18.32 in chips) 
Danut Stoica: posts small blind $0.05
vilemo20: posts big blind $0.10
*** HOLE CARDS ***
ojeriza: raises $0.20 to $0.30
0TheMouse0: folds 
andrew_yar: folds 
Danut Stoica: folds 
vilemo20: folds 
Uncalled bet ($0.20) returned to ojeriza
ojeriza collected $0.25 from pot
ojeriza: doesn't show hand 
*** SUMMARY ***
Total pot $0.25 | Rake $0 
Seat 1: 0TheMouse0 folded before Flop (didn't bet)
Seat 2: andrew_yar (button) folded before Flop (didn't bet)
Seat 4: Danut Stoica (small blind) folded before Flop
Seat 5: vilemo20 (big blind) folded before Flop
Seat 6: ojeriza collected ($0.25)



PokerStars Hand #222976271041:  Hold'em No Limit ($0.05/$0.10 USD) - 2021/01/23 17:51:56 ET
Table 'Odysseus III' 6-max Seat #4 is the button
Seat 1: 0TheMouse0 ($10 in chips) 
Seat 2: andrew_yar ($23.53 in chips) 
Seat 4: Danut Stoica ($18.19 in chips) 
Seat 5: vilemo20 ($12.55 in chips) 
Seat 6: ojeriza ($18.47 in chips) 
vilemo20: posts small blind $0.05
ojeriza: posts big blind $0.10
Bursitet: sits out 
*** HOLE CARDS ***
0TheMouse0: folds 
andrew_yar: folds 
Danut Stoica: folds 
vilemo20: folds 
Uncalled bet ($0.05) returned to ojeriza
ojeriza collected $0.10 from pot
ojeriza: doesn't show hand 
*** SUMMARY ***
Total pot $0.10 | Rake $0 
Seat 1: 0TheMouse0 folded before Flop (didn't bet)
Seat 2: andrew_yar folded before Flop (didn't bet)
Seat 4: Danut Stoica (button) folded before Flop (didn't bet)
Seat 5: vilemo20 (small blind) folded before Flop
Seat 6: ojeriza (big blind) collected ($0.10)



PokerStars Hand #222976275875:  Hold'em No Limit ($0.05/$0.10 USD) - 2021/01/23 17:52:03 ET
Table 'Odysseus III' 6-max Seat #5 is the button
Seat 1: 0TheMouse0 ($10 in chips) 
Seat 2: andrew_yar ($23.53 in chips) 
Seat 4: Danut Stoica ($18.19 in chips) 
Seat 5: vilemo20 ($12.50 in chips) 
Seat 6: ojeriza ($18.52 in chips) 
ojeriza: posts small blind $0.05
0TheMouse0: posts big blind $0.10
Bursitet: sits out 
*** HOLE CARDS ***
andrew_yar: folds 
Danut Stoica: folds 
vilemo20: raises $0.15 to $0.25
ojeriza: folds 
0TheMouse0: folds 
Uncalled bet ($0.15) returned to vilemo20
vilemo20 collected $0.25 from pot
vilemo20: doesn't show hand 
*** SUMMARY ***
Total pot $0.25 | Rake $0 
Seat 1: 0TheMouse0 (big blind) folded before Flop
Seat 2: andrew_yar folded before Flop (didn't bet)
Seat 4: Danut Stoica folded before Flop (didn't bet)
Seat 5: vilemo20 (button) collected ($0.25)
Seat 6: ojeriza (small blind) folded before Flop



PokerStars Hand #222976284463:  Hold'em No Limit ($0.05/$0.10 USD) - 2021/01/23 17:52:15 ET
Table 'Odysseus III' 6-max Seat #6 is the button
Seat 1: 0TheMouse0 ($10 in chips) 
Seat 2: andrew_yar ($23.53 in chips) 
Seat 4: Danut Stoica ($18.19 in chips) 
Seat 5: vilemo20 ($12.65 in chips) 
Seat 6: ojeriza ($18.47 in chips) 
0TheMouse0: posts small blind $0.05
andrew_yar: posts big blind $0.10
Bursitet: sits out 
*** HOLE CARDS ***
Danut Stoica: folds 
vilemo20: folds 
ojeriza: raises $0.16 to $0.26
0TheMouse0: folds 
andrew_yar: folds 
Uncalled bet ($0.16) returned to ojeriza
ojeriza collected $0.25 from pot
ojeriza: doesn't show hand 
*** SUMMARY ***
Total pot $0.25 | Rake $0 
Seat 1: 0TheMouse0 (small blind) folded before Flop
Seat 2: andrew_yar (big blind) folded before Flop
Seat 4: Danut Stoica folded before Flop (didn't bet)
Seat 5: vilemo20 folded before Flop (didn't bet)
Seat 6: ojeriza (button) collected ($0.25)



PokerStars Hand #222976300728:  Hold'em No Limit ($0.05/$0.10 USD) - 2021/01/23 17:52:37 ET
Table 'Odysseus III' 6-max Seat #1 is the button
Seat 1: 0TheMouse0 ($10 in chips) 
Seat 2: andrew_yar ($23.43 in chips) 
Seat 3: Bursitet ($8.28 in chips) 
Seat 4: Danut Stoica ($18.19 in chips) 
Seat 5: vilemo20 ($12.65 in chips) 
Seat 6: ojeriza ($18.62 in chips) 
andrew_yar: posts small blind $0.05
Bursitet: posts big blind $0.10
*** HOLE CARDS ***
Danut Stoica: folds 
vilemo20: folds 
ojeriza: folds 
0TheMouse0: folds 
andrew_yar: folds 
Uncalled bet ($0.05) returned to Bursitet
Bursitet collected $0.10 from pot
Bursitet: doesn't show hand 
*** SUMMARY ***
Total pot $0.10 | Rake $0 
Seat 1: 0TheMouse0 (button) folded before Flop (didn't bet)
Seat 2: andrew_yar (small blind) folded before Flop
Seat 3: Bursitet (big blind) collected ($0.10)
Seat 4: Danut Stoica folded before Flop (didn't bet)
Seat 5: vilemo20 folded before Flop (didn't bet)
Seat 6: ojeriza folded before Flop (didn't bet)



PokerStars Hand #222976309637:  Hold'em No Limit ($0.05/$0.10 USD) - 2021/01/23 17:52:49 ET
Table 'Odysseus III' 6-max Seat #2 is the button
Seat 1: 0TheMouse0 ($10 in chips) 
Seat 2: andrew_yar ($23.38 in chips) 
Seat 3: Bursitet ($8.33 in chips) 
Seat 4: Danut Stoica ($18.19 in chips) 
Seat 5: vilemo20 ($12.65 in chips) 
Seat 6: ojeriza ($18.62 in chips) 
Bursitet: posts small blind $0.05
Danut Stoica: posts big blind $0.10
*** HOLE CARDS ***
vilemo20: folds 
ojeriza: folds 
0TheMouse0: folds 
andrew_yar: folds 
Bursitet: calls $0.05
Danut Stoica: raises $0.30 to $0.40
Bursitet: calls $0.30
*** FLOP *** [5h 8h Jh]
Bursitet: checks 
Danut Stoica: checks 
*** TURN *** [5h 8h Jh] [8d]
Bursitet: checks 
Danut Stoica: checks 
*** RIVER *** [5h 8h Jh 8d] [2c]
Bursitet: bets $0.56
Danut Stoica: folds 
Uncalled bet ($0.56) returned to Bursitet
Bursitet collected $0.76 from pot
Bursitet: doesn't show hand 
*** SUMMARY ***
Total pot $0.80 | Rake $0.04 
Board [5h 8h Jh 8d 2c]
Seat 1: 0TheMouse0 folded before Flop (didn't bet)
Seat 2: andrew_yar (button) folded before Flop (didn't bet)
Seat 3: Bursitet (small blind) collected ($0.76)
Seat 4: Danut Stoica (big blind) folded on the River
Seat 5: vilemo20 folded before Flop (didn't bet)
Seat 6: ojeriza folded before Flop (didn't bet)



PokerStars Hand #222976338994:  Hold'em No Limit ($0.05/$0.10 USD) - 2021/01/23 17:53:30 ET
Table 'Odysseus III' 6-max Seat #3 is the button
Seat 1: 0TheMouse0 ($10 in chips) 
Seat 2: andrew_yar ($23.38 in chips) 
Seat 3: Bursitet ($8.69 in chips) 
Seat 4: Danut Stoica ($17.79 in chips) 
Seat 5: vilemo20 ($12.65 in chips) 
Seat 6: ojeriza ($18.62 in chips) 
Danut Stoica: posts small blind $0.05
vilemo20: posts big blind $0.10
*** HOLE CARDS ***
ojeriza: folds 
0TheMouse0: folds 
andrew_yar: folds 
Bursitet: raises $0.22 to $0.32
Danut Stoica: raises $0.58 to $0.90
vilemo20: folds 
Bursitet: calls $0.58
*** FLOP *** [4c 3d As]
Danut Stoica: checks 
Bursitet: bets $1.34
Danut Stoica: folds 
Uncalled bet ($1.34) returned to Bursitet
Bursitet collected $1.81 from pot
Bursitet: doesn't show hand 
*** SUMMARY ***
Total pot $1.90 | Rake $0.09 
Board [4c 3d As]
Seat 1: 0TheMouse0 folded before Flop (didn't bet)
Seat 2: andrew_yar folded before Flop (didn't bet)
Seat 3: Bursitet (button) collected ($1.81)
Seat 4: Danut Stoica (small blind) folded on the Flop
Seat 5: vilemo20 (big blind) folded before Flop
Seat 6: ojeriza folded before Flop (didn't bet)



PokerStars Hand #222976356470:  Hold'em No Limit ($0.05/$0.10 USD) - 2021/01/23 17:53:54 ET
Table 'Odysseus III' 6-max Seat #4 is the button
Seat 1: 0TheMouse0 ($10 in chips) 
Seat 2: andrew_yar ($23.38 in chips) 
Seat 3: Bursitet ($9.60 in chips) 
Seat 4: Danut Stoica ($16.89 in chips) 
Seat 5: vilemo20 ($12.55 in chips) 
Seat 6: ojeriza ($18.62 in chips) 
vilemo20: posts small blind $0.05
ojeriza: posts big blind $0.10
*** HOLE CARDS ***
0TheMouse0: folds 
andrew_yar: folds 
Bursitet: folds 
Danut Stoica: folds 
vilemo20: folds 
Uncalled bet ($0.05) returned to ojeriza
ojeriza collected $0.10 from pot
ojeriza: doesn't show hand 
*** SUMMARY ***
Total pot $0.10 | Rake $0 
Seat 1: 0TheMouse0 folded before Flop (didn't bet)
Seat 2: andrew_yar folded before Flop (didn't bet)
Seat 3: Bursitet folded before Flop (didn't bet)
Seat 4: Danut Stoica (button) folded before Flop (didn't bet)
Seat 5: vilemo20 (small blind) folded before Flop
Seat 6: ojeriza (big blind) collected ($0.10)



PokerStars Hand #222976365591:  Hold'em No Limit ($0.05/$0.10 USD) - 2021/01/23 17:54:07 ET
Table 'Odysseus III' 6-max Seat #5 is the button
Seat 1: 0TheMouse0 ($10 in chips) 
Seat 2: andrew_yar ($23.38 in chips) 
Seat 3: Bursitet ($9.60 in chips) 
Seat 4: Danut Stoica ($16.89 in chips) 
Seat 5: vilemo20 ($12.50 in chips) 
Seat 6: ojeriza ($18.67 in chips) 
ojeriza: posts small blind $0.05
0TheMouse0: posts big blind $0.10
*** HOLE CARDS ***
andrew_yar: raises $0.20 to $0.30
Bursitet: folds 
Danut Stoica: folds 
vilemo20: raises $0.60 to $0.90
ojeriza: folds 
0TheMouse0: folds 
andrew_yar: folds 
Uncalled bet ($0.60) returned to vilemo20
vilemo20 collected $0.75 from pot
vilemo20: doesn't show hand 
*** SUMMARY ***
Total pot $0.75 | Rake $0 
Seat 1: 0TheMouse0 (big blind) folded before Flop
Seat 2: andrew_yar folded before Flop
Seat 3: Bursitet folded before Flop (didn't bet)
Seat 4: Danut Stoica folded before Flop (didn't bet)
Seat 5: vilemo20 (button) collected ($0.75)
Seat 6: ojeriza (small blind) folded before Flop



PokerStars Hand #222976375432:  Hold'em No Limit ($0.05/$0.10 USD) - 2021/01/23 17:54:20 ET
Table 'Odysseus III' 6-max Seat #6 is the button
Seat 1: 0TheMouse0 ($10 in chips) 
Seat 2: andrew_yar ($23.08 in chips) 
Seat 3: Bursitet ($9.60 in chips) 
Seat 4: Danut Stoica ($16.89 in chips) 
Seat 5: vilemo20 ($12.95 in chips) 
Seat 6: ojeriza ($18.62 in chips) 
0TheMouse0: posts small blind $0.05
andrew_yar: posts big blind $0.10
*** HOLE CARDS ***
Bursitet: folds 
Danut Stoica: folds 
vilemo20: folds 
ojeriza: folds 
0TheMouse0: raises $0.20 to $0.30
andrew_yar: calls $0.20
*** FLOP *** [Qh Td 9c]
0TheMouse0: checks 
andrew_yar: bets $0.38
0TheMouse0: folds 
Uncalled bet ($0.38) returned to andrew_yar
andrew_yar collected $0.57 from pot
andrew_yar: doesn't show hand 
*** SUMMARY ***
Total pot $0.60 | Rake $0.03 
Board [Qh Td 9c]
Seat 1: 0TheMouse0 (small blind) folded on the Flop
Seat 2: andrew_yar (big blind) collected ($0.57)
Seat 3: Bursitet folded before Flop (didn't bet)
Seat 4: Danut Stoica folded before Flop (didn't bet)
Seat 5: vilemo20 folded before Flop (didn't bet)
Seat 6: ojeriza (button) folded before Flop (didn't bet)



PokerStars Hand #222976394082:  Hold'em No Limit ($0.05/$0.10 USD) - 2021/01/23 17:54:46 ET
Table 'Odysseus III' 6-max Seat #1 is the button
Seat 1: 0TheMouse0 ($10 in chips) 
Seat 2: andrew_yar ($23.35 in chips) 
Seat 3: Bursitet ($9.60 in chips) 
Seat 4: Danut Stoica ($16.89 in chips) 
Seat 5: vilemo20 ($12.95 in chips) 
Seat 6: ojeriza ($18.62 in chips) 
andrew_yar: posts small blind $0.05
Bursitet: posts big blind $0.10
*** HOLE CARDS ***
Danut Stoica: folds 
vilemo20: folds 
ojeriza: folds 
0TheMouse0: raises $0.15 to $0.25
andrew_yar: folds 
Bursitet: calls $0.15
*** FLOP *** [8d Qs Tc]
Bursitet: checks 
0TheMouse0: checks 
*** TURN *** [8d Qs Tc] [6c]
Bursitet: bets $0.39
0TheMouse0: calls $0.39
*** RIVER *** [8d Qs Tc 6c] [8c]
Bursitet: bets $0.94
0TheMouse0: folds 
Uncalled bet ($0.94) returned to Bursitet
Bursitet collected $1.27 from pot
Bursitet: doesn't show hand 
*** SUMMARY ***
Total pot $1.33 | Rake $0.06 
Board [8d Qs Tc 6c 8c]
Seat 1: 0TheMouse0 (button) folded on the River
Seat 2: andrew_yar (small blind) folded before Flop
Seat 3: Bursitet (big blind) collected ($1.27)
Seat 4: Danut Stoica folded before Flop (didn't bet)
Seat 5: vilemo20 folded before Flop (didn't bet)
Seat 6: ojeriza folded before Flop (didn't bet)



PokerStars Hand #222976413866:  Hold'em No Limit ($0.05/$0.10 USD) - 2021/01/23 17:55:15 ET
Table 'Odysseus III' 6-max Seat #2 is the button
Seat 1: 0TheMouse0 ($10 in chips) 
Seat 2: andrew_yar ($23.30 in chips) 
Seat 3: Bursitet ($10.23 in chips) 
Seat 4: Danut Stoica ($16.89 in chips) 
Seat 5: vilemo20 ($12.95 in chips) 
Seat 6: ojeriza ($18.62 in chips) 
Bursitet: posts small blind $0.05
Danut Stoica: posts big blind $0.10
*** HOLE CARDS ***
vilemo20: folds 
ojeriza: folds 
0TheMouse0: folds 
andrew_yar: folds 
Bursitet: raises $0.22 to $0.32
Danut Stoica: folds 
Uncalled bet ($0.22) returned to Bursitet
Bursitet collected $0.20 from pot
Bursitet: doesn't show hand 
*** SUMMARY ***
Total pot $0.20 | Rake $0 
Seat 1: 0TheMouse0 folded before Flop (didn't bet)
Seat 2: andrew_yar (button) folded before Flop (didn't bet)
Seat 3: Bursitet (small blind) collected ($0.20)
Seat 4: Danut Stoica (big blind) folded before Flop
Seat 5: vilemo20 folded before Flop (didn't bet)
Seat 6: ojeriza folded before Flop (didn't bet)



PokerStars Hand #222976422419:  Hold'em No Limit ($0.05/$0.10 USD) - 2021/01/23 17:55:31 ET
Table 'Odysseus III' 6-max Seat #3 is the button
Seat 1: 0TheMouse0 ($10 in chips) 
Seat 2: andrew_yar ($23.30 in chips) 
Seat 3: Bursitet ($10.33 in chips) 
Seat 4: Danut Stoica ($16.79 in chips) 
Seat 5: vilemo20 ($12.95 in chips) 
Seat 6: ojeriza ($18.62 in chips) 
Danut Stoica: posts small blind $0.05
vilemo20: posts big blind $0.10
*** HOLE CARDS ***
ojeriza: folds 
0TheMouse0: folds 
andrew_yar: folds 
Bursitet: raises $0.22 to $0.32
Danut Stoica: folds 
vilemo20: calls $0.22
*** FLOP *** [2d 2c 6c]
vilemo20: checks 
Bursitet: checks 
*** TURN *** [2d 2c 6c] [4d]
vilemo20: checks 
Bursitet: bets $10.01 and is all-in
vilemo20: folds 
Uncalled bet ($10.01) returned to Bursitet
Bursitet collected $0.66 from pot
Bursitet: doesn't show hand 
*** SUMMARY ***
Total pot $0.69 | Rake $0.03 
Board [2d 2c 6c 4d]
Seat 1: 0TheMouse0 folded before Flop (didn't bet)
Seat 2: andrew_yar folded before Flop (didn't bet)
Seat 3: Bursitet (button) collected ($0.66)
Seat 4: Danut Stoica (small blind) folded before Flop
Seat 5: vilemo20 (big blind) folded on the Turn
Seat 6: ojeriza folded before Flop (didn't bet)



PokerStars Hand #222976436104:  Hold'em No Limit ($0.05/$0.10 USD) - 2021/01/23 17:55:58 ET
Table 'Odysseus III' 6-max Seat #4 is the button
Seat 1: 0TheMouse0 ($10 in chips) 
Seat 2: andrew_yar ($23.30 in chips) 
Seat 3: Bursitet ($10.67 in chips) 
Seat 4: Danut Stoica ($16.74 in chips) 
Seat 5: vilemo20 ($12.63 in chips) 
Seat 6: ojeriza ($18.62 in chips) 
vilemo20: posts small blind $0.05
ojeriza: posts big blind $0.10
*** HOLE CARDS ***
0TheMouse0: folds 
andrew_yar: raises $0.20 to $0.30
Bursitet: calls $0.30
Danut Stoica: folds 
vilemo20: folds 
ojeriza: folds 
*** FLOP *** [6c 6h Qh]
andrew_yar: checks 
Bursitet: checks 
*** TURN *** [6c 6h Qh] [7d]
andrew_yar: checks 
Bursitet: bets $0.10
andrew_yar: calls $0.10
*** RIVER *** [6c 6h Qh 7d] [2c]
andrew_yar: checks 
Bursitet: bets $0.67
andrew_yar: raises $2.25 to $2.92
Bursitet: raises $7.35 to $10.27 and is all-in
andrew_yar: calls $7.35
*** SHOW DOWN ***
Bursitet: shows [6d 6s] (four of a kind, Sixes)
andrew_yar: shows [2s 2d] (a full house, Deuces full of Sixes)
Bursitet collected $20.52 from pot
*** SUMMARY ***
Total pot $21.49 | Rake $0.97 
Board [6c 6h Qh 7d 2c]
Seat 1: 0TheMouse0 folded before Flop (didn't bet)
Seat 2: andrew_yar showed [2s 2d] and lost with a full house, Deuces full of Sixes
Seat 3: Bursitet showed [6d 6s] and won ($20.52) with four of a kind, Sixes
Seat 4: Danut Stoica (button) folded before Flop (didn't bet)
Seat 5: vilemo20 (small blind) folded before Flop
Seat 6: ojeriza (big blind) folded before Flop



PokerStars Hand #222976467661:  Hold'em No Limit ($0.05/$0.10 USD) - 2021/01/23 17:56:57 ET
Table 'Odysseus III' 6-max Seat #5 is the button
Seat 1: 0TheMouse0 ($10 in chips) 
Seat 2: andrew_yar ($12.63 in chips) 
Seat 3: Bursitet ($20.52 in chips) 
Seat 4: Danut Stoica ($16.74 in chips) 
Seat 5: vilemo20 ($12.58 in chips) 
Seat 6: ojeriza ($18.52 in chips) 
ojeriza: posts small blind $0.05
0TheMouse0: posts big blind $0.10
*** HOLE CARDS ***
andrew_yar: raises $0.20 to $0.30
Bursitet: calls $0.30
Danut Stoica: folds 
vilemo20: raises $0.90 to $1.20
ojeriza: folds 
0TheMouse0: folds 
andrew_yar: folds 
Bursitet: calls $0.90
*** FLOP *** [4h 2s 5h]
Bursitet: checks 
vilemo20: bets $1.41
Bursitet: calls $1.41
*** TURN *** [4h 2s 5h] [Qd]
Bursitet: checks 
vilemo20: bets $2.81
Bursitet: folds 
Uncalled bet ($2.81) returned to vilemo20
vilemo20 collected $5.41 from pot
vilemo20: doesn't show hand 
*** SUMMARY ***
Total pot $5.67 | Rake $0.26 
Board [4h 2s 5h Qd]
Seat 1: 0TheMouse0 (big blind) folded before Flop
Seat 2: andrew_yar folded before Flop
Seat 3: Bursitet folded on the Turn
Seat 4: Danut Stoica folded before Flop (didn't bet)
Seat 5: vilemo20 (button) collected ($5.41)
Seat 6: ojeriza (small blind) folded before Flop



PokerStars Hand #222976491706:  Hold'em No Limit ($0.05/$0.10 USD) - 2021/01/23 17:57:42 ET
Table 'Odysseus III' 6-max Seat #6 is the button
Seat 1: 0TheMouse0 ($10 in chips) 
Seat 2: andrew_yar ($12.33 in chips) 
Seat 3: Bursitet ($17.91 in chips) 
Seat 4: Danut Stoica ($16.74 in chips) 
Seat 5: vilemo20 ($15.38 in chips) 
Seat 6: ojeriza ($18.47 in chips) 
0TheMouse0: posts small blind $0.05
andrew_yar: posts big blind $0.10
*** HOLE CARDS ***
Bursitet: raises $0.22 to $0.32
Danut Stoica: folds 
vilemo20: calls $0.32
ojeriza: folds 
0TheMouse0: raises $1.23 to $1.55
andrew_yar: folds 
Bursitet: folds 
vilemo20: folds 
Uncalled bet ($1.23) returned to 0TheMouse0
0TheMouse0 collected $1.06 from pot
0TheMouse0: doesn't show hand 
*** SUMMARY ***
Total pot $1.06 | Rake $0 
Seat 1: 0TheMouse0 (small blind) collected ($1.06)
Seat 2: andrew_yar (big blind) folded before Flop
Seat 3: Bursitet folded before Flop
Seat 4: Danut Stoica folded before Flop (didn't bet)
Seat 5: vilemo20 folded before Flop
Seat 6: ojeriza (button) folded before Flop (didn't bet)



PokerStars Hand #222976504580:  Hold'em No Limit ($0.05/$0.10 USD) - 2021/01/23 17:58:07 ET
Table 'Odysseus III' 6-max Seat #1 is the button
Seat 1: 0TheMouse0 ($10.74 in chips) 
Seat 2: andrew_yar ($12.23 in chips) 
Seat 3: Bursitet ($17.59 in chips) 
Seat 4: Danut Stoica ($16.74 in chips) 
Seat 5: vilemo20 ($15.06 in chips) 
Seat 6: ojeriza ($18.47 in chips) 
andrew_yar: posts small blind $0.05
Bursitet: posts big blind $0.10
*** HOLE CARDS ***
Danut Stoica: folds 
vilemo20: raises $0.20 to $0.30
ojeriza: folds 
0TheMouse0: folds 
andrew_yar: folds 
Bursitet: calls $0.20
*** FLOP *** [4h 7h 8h]
Bursitet: checks 
vilemo20: bets $0.32
Bursitet: calls $0.32
*** TURN *** [4h 7h 8h] [3h]
Bursitet: checks 
vilemo20: checks 
*** RIVER *** [4h 7h 8h 3h] [Ts]
Bursitet: checks 
vilemo20: checks 
*** SHOW DOWN ***
Bursitet: shows [Th Kc] (a flush, Ten high)
vilemo20: mucks hand 
Bursitet collected $1.23 from pot
*** SUMMARY ***
Total pot $1.29 | Rake $0.06 
Board [4h 7h 8h 3h Ts]
Seat 1: 0TheMouse0 (button) folded before Flop (didn't bet)
Seat 2: andrew_yar (small blind) folded before Flop
Seat 3: Bursitet (big blind) showed [Th Kc] and won ($1.23) with a flush, Ten high
Seat 4: Danut Stoica folded before Flop (didn't bet)
Seat 5: vilemo20 mucked
Seat 6: ojeriza folded before Flop (didn't bet)



PokerStars Hand #222976519736:  Hold'em No Limit ($0.05/$0.10 USD) - 2021/01/23 17:58:35 ET
Table 'Odysseus III' 6-max Seat #2 is the button
Seat 1: 0TheMouse0 ($10.74 in chips) 
Seat 2: andrew_yar ($12.18 in chips) 
Seat 3: Bursitet ($18.20 in chips) 
Seat 4: Danut Stoica ($16.74 in chips) 
Seat 5: vilemo20 ($14.44 in chips) 
Seat 6: ojeriza ($18.47 in chips) 
Bursitet: posts small blind $0.05
Danut Stoica: posts big blind $0.10
*** HOLE CARDS ***
vilemo20: folds 
ojeriza: folds 
0TheMouse0: folds 
andrew_yar: folds 
Bursitet: raises $0.22 to $0.32
Danut Stoica: calls $0.22
*** FLOP *** [Kd 8c 4h]
Bursitet: bets $0.45
Danut Stoica: calls $0.45
*** TURN *** [Kd 8c 4h] [Qh]
Bursitet: bets $1.09
Danut Stoica: raises $2.51 to $3.60
Bursitet: calls $2.51
*** RIVER *** [Kd 8c 4h Qh] [8d]
Bursitet: bets $6.18
Danut Stoica: raises $6.19 to $12.37 and is all-in
Bursitet: calls $6.19
*** SHOW DOWN ***
Danut Stoica: shows [4s 4d] (a full house, Fours full of Eights)
Bursitet: shows [Kc Kh] (a full house, Kings full of Eights)
Bursitet collected $31.98 from pot
*** SUMMARY ***
Total pot $33.48 | Rake $1.50 
Board [Kd 8c 4h Qh 8d]
Seat 1: 0TheMouse0 folded before Flop (didn't bet)
Seat 2: andrew_yar (button) folded before Flop (didn't bet)
Seat 3: Bursitet (small blind) showed [Kc Kh] and won ($31.98) with a full house, Kings full of Eights
Seat 4: Danut Stoica (big blind) showed [4s 4d] and lost with a full house, Fours full of Eights
Seat 5: vilemo20 folded before Flop (didn't bet)
Seat 6: ojeriza folded before Flop (didn't bet)



PokerStars Hand #222976556944:  Hold'em No Limit ($0.05/$0.10 USD) - 2021/01/23 17:59:36 ET
Table 'Odysseus III' 6-max Seat #3 is the button
Seat 1: 0TheMouse0 ($10.74 in chips) 
Seat 2: andrew_yar ($12.18 in chips) 
Seat 3: Bursitet ($33.44 in chips) 
Seat 4: Danut Stoica ($10 in chips) 
Seat 5: vilemo20 ($14.44 in chips) 
Seat 6: ojeriza ($18.47 in chips) 
Danut Stoica: posts small blind $0.05
vilemo20: posts big blind $0.10
*** HOLE CARDS ***
ojeriza: folds 
0TheMouse0: folds 
andrew_yar: folds 
Bursitet: folds 
Danut Stoica: raises $0.20 to $0.30
vilemo20: folds 
Uncalled bet ($0.20) returned to Danut Stoica
Danut Stoica collected $0.20 from pot
Danut Stoica: doesn't show hand 
*** SUMMARY ***
Total pot $0.20 | Rake $0 
Seat 1: 0TheMouse0 folded before Flop (didn't bet)
Seat 2: andrew_yar folded before Flop (didn't bet)
Seat 3: Bursitet (button) folded before Flop (didn't bet)
Seat 4: Danut Stoica (small blind) collected ($0.20)
Seat 5: vilemo20 (big blind) folded before Flop
Seat 6: ojeriza folded before Flop (didn't bet)



PokerStars Hand #222976572249:  Hold'em No Limit ($0.05/$0.10 USD) - 2021/01/23 18:00:05 ET
Table 'Odysseus III' 6-max Seat #4 is the button
Seat 1: 0TheMouse0 ($10.74 in chips) 
Seat 2: andrew_yar ($12.18 in chips) 
Seat 3: Bursitet ($33.44 in chips) 
Seat 4: Danut Stoica ($10.10 in chips) 
Seat 5: vilemo20 ($14.34 in chips) 
Seat 6: ojeriza ($18.47 in chips) 
vilemo20: posts small blind $0.05
ojeriza: posts big blind $0.10
*** HOLE CARDS ***
0TheMouse0: folds 
andrew_yar: folds 
Bursitet: raises $0.22 to $0.32
Danut Stoica: folds 
vilemo20: folds 
ojeriza: folds 
Uncalled bet ($0.22) returned to Bursitet
Bursitet collected $0.25 from pot
Bursitet: doesn't show hand 
*** SUMMARY ***
Total pot $0.25 | Rake $0 
Seat 1: 0TheMouse0 folded before Flop (didn't bet)
Seat 2: andrew_yar folded before Flop (didn't bet)
Seat 3: Bursitet collected ($0.25)
Seat 4: Danut Stoica (button) folded before Flop (didn't bet)
Seat 5: vilemo20 (small blind) folded before Flop
Seat 6: ojeriza (big blind) folded before Flop



PokerStars Hand #222976582418:  Hold'em No Limit ($0.05/$0.10 USD) - 2021/01/23 18:00:22 ET
Table 'Odysseus III' 6-max Seat #5 is the button
Seat 1: 0TheMouse0 ($10.74 in chips) 
Seat 2: andrew_yar ($12.18 in chips) 
Seat 3: Bursitet ($33.59 in chips) 
Seat 4: Danut Stoica ($10.10 in chips) 
Seat 5: vilemo20 ($14.29 in chips) 
Seat 6: ojeriza ($18.37 in chips) 
ojeriza: posts small blind $0.05
0TheMouse0: posts big blind $0.10
*** HOLE CARDS ***
andrew_yar: folds 
Bursitet: folds 
Danut Stoica: raises $0.15 to $0.25
vilemo20: folds 
ojeriza: folds 
0TheMouse0: folds 
Uncalled bet ($0.15) returned to Danut Stoica
Danut Stoica collected $0.25 from pot
Danut Stoica: doesn't show hand 
*** SUMMARY ***
Total pot $0.25 | Rake $0 
Seat 1: 0TheMouse0 (big blind) folded before Flop
Seat 2: andrew_yar folded before Flop (didn't bet)
Seat 3: Bursitet folded before Flop (didn't bet)
Seat 4: Danut Stoica collected ($0.25)
Seat 5: vilemo20 (button) folded before Flop (didn't bet)
Seat 6: ojeriza (small blind) folded before Flop



PokerStars Hand #222976599207:  Hold'em No Limit ($0.05/$0.10 USD) - 2021/01/23 18:00:50 ET
Table 'Odysseus III' 6-max Seat #6 is the button
Seat 1: 0TheMouse0 ($10.64 in chips) 
Seat 2: andrew_yar ($12.18 in chips) 
Seat 3: Bursitet ($33.59 in chips) 
Seat 4: Danut Stoica ($10.25 in chips) 
Seat 5: vilemo20 ($14.29 in chips) 
Seat 6: ojeriza ($18.32 in chips) 
0TheMouse0: posts small blind $0.05
andrew_yar: posts big blind $0.10
*** HOLE CARDS ***
Bursitet: folds 
Danut Stoica: folds 
vilemo20: raises $0.20 to $0.30
ojeriza: folds 
0TheMouse0: folds 
andrew_yar: folds 
Uncalled bet ($0.20) returned to vilemo20
vilemo20 collected $0.25 from pot
vilemo20: doesn't show hand 
*** SUMMARY ***
Total pot $0.25 | Rake $0 
Seat 1: 0TheMouse0 (small blind) folded before Flop
Seat 2: andrew_yar (big blind) folded before Flop
Seat 3: Bursitet folded before Flop (didn't bet)
Seat 4: Danut Stoica folded before Flop (didn't bet)
Seat 5: vilemo20 collected ($0.25)
Seat 6: ojeriza (button) folded before Flop (didn't bet)



PokerStars Hand #222976605207:  Hold'em No Limit ($0.05/$0.10 USD) - 2021/01/23 18:01:00 ET
Table 'Odysseus III' 6-max Seat #1 is the button
Seat 1: 0TheMouse0 ($10.59 in chips) 
Seat 2: andrew_yar ($12.08 in chips) 
Seat 3: Bursitet ($33.59 in chips) 
Seat 4: Danut Stoica ($10.25 in chips) 
Seat 5: vilemo20 ($14.44 in chips) 
Seat 6: ojeriza ($18.32 in chips) 
andrew_yar: posts small blind $0.05
Bursitet: posts big blind $0.10
*** HOLE CARDS ***
Danut Stoica: raises $0.15 to $0.25
vilemo20: folds 
ojeriza: folds 
0TheMouse0: folds 
andrew_yar: folds 
Bursitet: calls $0.15
*** FLOP *** [3h 8h 2c]
Bursitet: checks 
Danut Stoica: checks 
*** TURN *** [3h 8h 2c] [Qh]
Bursitet: bets $0.25
Danut Stoica: folds 
Uncalled bet ($0.25) returned to Bursitet
Bursitet collected $0.53 from pot
Bursitet: doesn't show hand 
*** SUMMARY ***
Total pot $0.55 | Rake $0.02 
Board [3h 8h 2c Qh]
Seat 1: 0TheMouse0 (button) folded before Flop (didn't bet)
Seat 2: andrew_yar (small blind) folded before Flop
Seat 3: Bursitet (big blind) collected ($0.53)
Seat 4: Danut Stoica folded on the Turn
Seat 5: vilemo20 folded before Flop (didn't bet)
Seat 6: ojeriza folded before Flop (didn't bet)



PokerStars Hand #222976620885:  Hold'em No Limit ($0.05/$0.10 USD) - 2021/01/23 18:01:24 ET
Table 'Odysseus III' 6-max Seat #2 is the button
Seat 1: 0TheMouse0 ($10.59 in chips) 
Seat 2: andrew_yar ($12.03 in chips) 
Seat 3: Bursitet ($33.87 in chips) 
Seat 4: Danut Stoica ($10 in chips) 
Seat 5: vilemo20 ($14.44 in chips) 
Seat 6: ojeriza ($18.32 in chips) 
Bursitet: posts small blind $0.05
Danut Stoica: posts big blind $0.10
*** HOLE CARDS ***
vilemo20: folds 
ojeriza: folds 
0TheMouse0: raises $0.15 to $0.25
andrew_yar: folds 
Bursitet: calls $0.20
Danut Stoica: calls $0.15
*** FLOP *** [8h 3c Ks]
Bursitet: checks 
Danut Stoica: checks 
0TheMouse0: checks 
*** TURN *** [8h 3c Ks] [Ac]
Bursitet: bets $0.53
Danut Stoica: folds 
0TheMouse0: raises $0.89 to $1.42
Bursitet: calls $0.89
*** RIVER *** [8h 3c Ks Ac] [Qc]
Bursitet: checks 
0TheMouse0: checks 
*** SHOW DOWN ***
Bursitet: shows [4c Tc] (a flush, Ace high)
0TheMouse0: mucks hand 
Bursitet collected $3.43 from pot
*** SUMMARY ***
Total pot $3.59 | Rake $0.16 
Board [8h 3c Ks Ac Qc]
Seat 1: 0TheMouse0 mucked
Seat 2: andrew_yar (button) folded before Flop (didn't bet)
Seat 3: Bursitet (small blind) showed [4c Tc] and won ($3.43) with a flush, Ace high
Seat 4: Danut Stoica (big blind) folded on the Turn
Seat 5: vilemo20 folded before Flop (didn't bet)
Seat 6: ojeriza folded before Flop (didn't bet)



PokerStars Hand #222976648155:  Hold'em No Limit ($0.05/$0.10 USD) - 2021/01/23 18:02:05 ET
Table 'Odysseus III' 6-max Seat #3 is the button
Seat 1: 0TheMouse0 ($10 in chips) 
Seat 2: andrew_yar ($12.03 in chips) 
Seat 3: Bursitet ($35.63 in chips) 
Seat 4: Danut Stoica ($10 in chips) 
Seat 5: vilemo20 ($14.44 in chips) 
Seat 6: ojeriza ($18.32 in chips) 
Danut Stoica: posts small blind $0.05
vilemo20: posts big blind $0.10
*** HOLE CARDS ***
ojeriza: folds 
0TheMouse0: folds 
andrew_yar: raises $0.15 to $0.25
Bursitet: folds 
Danut Stoica: folds 
vilemo20: folds 
Uncalled bet ($0.15) returned to andrew_yar
andrew_yar collected $0.25 from pot
andrew_yar: doesn't show hand 
*** SUMMARY ***
Total pot $0.25 | Rake $0 
Seat 1: 0TheMouse0 folded before Flop (didn't bet)
Seat 2: andrew_yar collected ($0.25)
Seat 3: Bursitet (button) folded before Flop (didn't bet)
Seat 4: Danut Stoica (small blind) folded before Flop
Seat 5: vilemo20 (big blind) folded before Flop
Seat 6: ojeriza folded before Flop (didn't bet)



PokerStars Hand #222976659125:  Hold'em No Limit ($0.05/$0.10 USD) - 2021/01/23 18:02:22 ET
Table 'Odysseus III' 6-max Seat #4 is the button
Seat 1: 0TheMouse0 ($10 in chips) 
Seat 2: andrew_yar ($12.18 in chips) 
Seat 3: Bursitet ($35.63 in chips) 
Seat 4: Danut Stoica ($10 in chips) 
Seat 5: vilemo20 ($14.34 in chips) 
Seat 6: ojeriza ($18.32 in chips) 
vilemo20: posts small blind $0.05
ojeriza: posts big blind $0.10
*** HOLE CARDS ***
0TheMouse0: folds 
andrew_yar: raises $0.20 to $0.30
Bursitet: calls $0.30
Danut Stoica: folds 
vilemo20: folds 
ojeriza: folds 
*** FLOP *** [8s 2s 5s]
andrew_yar: bets $0.36
Bursitet: folds 
Uncalled bet ($0.36) returned to andrew_yar
andrew_yar collected $0.72 from pot
andrew_yar: doesn't show hand 
*** SUMMARY ***
Total pot $0.75 | Rake $0.03 
Board [8s 2s 5s]
Seat 1: 0TheMouse0 folded before Flop (didn't bet)
Seat 2: andrew_yar collected ($0.72)
Seat 3: Bursitet folded on the Flop
Seat 4: Danut Stoica (button) folded before Flop (didn't bet)
Seat 5: vilemo20 (small blind) folded before Flop
Seat 6: ojeriza (big blind) folded before Flop



PokerStars Hand #222976677697:  Hold'em No Limit ($0.05/$0.10 USD) - 2021/01/23 18:02:49 ET
Table 'Odysseus III' 6-max Seat #5 is the button
Seat 1: 0TheMouse0 ($10 in chips) 
Seat 2: andrew_yar ($12.60 in chips) 
Seat 3: Bursitet ($35.33 in chips) 
Seat 4: Danut Stoica ($10 in chips) 
Seat 5: vilemo20 ($14.29 in chips) 
Seat 6: ojeriza ($18.22 in chips) 
ojeriza: posts small blind $0.05
0TheMouse0: posts big blind $0.10
*** HOLE CARDS ***
andrew_yar: folds 
Bursitet: raises $0.22 to $0.32
Danut Stoica: folds 
vilemo20: folds 
ojeriza: folds 
0TheMouse0: folds 
Uncalled bet ($0.22) returned to Bursitet
Bursitet collected $0.25 from pot
Bursitet: doesn't show hand 
*** SUMMARY ***
Total pot $0.25 | Rake $0 
Seat 1: 0TheMouse0 (big blind) folded before Flop
Seat 2: andrew_yar folded before Flop (didn't bet)
Seat 3: Bursitet collected ($0.25)
Seat 4: Danut Stoica folded before Flop (didn't bet)
Seat 5: vilemo20 (button) folded before Flop (didn't bet)
Seat 6: ojeriza (small blind) folded before Flop



PokerStars Hand #222976684529:  Hold'em No Limit ($0.05/$0.10 USD) - 2021/01/23 18:02:58 ET
Table 'Odysseus III' 6-max Seat #6 is the button
Seat 1: 0TheMouse0 ($10 in chips) 
Seat 2: andrew_yar ($12.60 in chips) 
Seat 3: Bursitet ($35.48 in chips) 
Seat 4: Danut Stoica ($10 in chips) 
Seat 5: vilemo20 ($14.29 in chips) 
Seat 6: ojeriza ($18.17 in chips) 
0TheMouse0: posts small blind $0.05
andrew_yar: posts big blind $0.10
*** HOLE CARDS ***
Bursitet: calls $0.10
Danut Stoica: folds 
vilemo20: folds 
ojeriza: raises $0.36 to $0.46
0TheMouse0: folds 
andrew_yar: folds 
Bursitet: calls $0.36
*** FLOP *** [5h Jd 9s]
Bursitet: checks 
ojeriza: bets $0.55
Bursitet: calls $0.55
*** TURN *** [5h Jd 9s] [3h]
Bursitet: checks 
ojeriza: bets $1.55
Bursitet: calls $1.55
*** RIVER *** [5h Jd 9s 3h] [7h]
Bursitet: checks 
ojeriza: bets $4.10
Bursitet: calls $4.10
*** SHOW DOWN ***
ojeriza: shows [9h 9c] (three of a kind, Nines)
Bursitet: mucks hand 
ojeriza collected $12.86 from pot
*** SUMMARY ***
Total pot $13.47 | Rake $0.61 
Board [5h Jd 9s 3h 7h]
Seat 1: 0TheMouse0 (small blind) folded before Flop
Seat 2: andrew_yar (big blind) folded before Flop
Seat 3: Bursitet mucked
Seat 4: Danut Stoica folded before Flop (didn't bet)
Seat 5: vilemo20 folded before Flop (didn't bet)
Seat 6: ojeriza (button) showed [9h 9c] and won ($12.86) with three of a kind, Nines



PokerStars Hand #222976726000:  Hold'em No Limit ($0.05/$0.10 USD) - 2021/01/23 18:03:57 ET
Table 'Odysseus III' 6-max Seat #1 is the button
Seat 1: 0TheMouse0 ($10 in chips) 
Seat 2: andrew_yar ($12.50 in chips) 
Seat 3: Bursitet ($28.82 in chips) 
Seat 4: Danut Stoica ($10 in chips) 
Seat 5: vilemo20 ($14.29 in chips) 
Seat 6: ojeriza ($24.37 in chips) 
andrew_yar: posts small blind $0.05
Bursitet: posts big blind $0.10
*** HOLE CARDS ***
Danut Stoica: folds 
vilemo20: folds 
ojeriza: raises $0.18 to $0.28
0TheMouse0: folds 
andrew_yar: folds 
Bursitet: calls $0.18
*** FLOP *** [8c Ks 2c]
Bursitet: checks 
ojeriza: checks 
*** TURN *** [8c Ks 2c] [Ah]
Bursitet: checks 
ojeriza: bets $0.43
Bursitet: calls $0.43
*** RIVER *** [8c Ks 2c Ah] [2d]
Bursitet: checks 
ojeriza: checks 
*** SHOW DOWN ***
Bursitet: shows [Js 8h] (two pair, Eights and Deuces)
ojeriza: mucks hand 
Bursitet collected $1.40 from pot
*** SUMMARY ***
Total pot $1.47 | Rake $0.07 
Board [8c Ks 2c Ah 2d]
Seat 1: 0TheMouse0 (button) folded before Flop (didn't bet)
Seat 2: andrew_yar (small blind) folded before Flop
Seat 3: Bursitet (big blind) showed [Js 8h] and won ($1.40) with two pair, Eights and Deuces
Seat 4: Danut Stoica folded before Flop (didn't bet)
Seat 5: vilemo20 folded before Flop (didn't bet)
Seat 6: ojeriza mucked



PokerStars Hand #222976751620:  Hold'em No Limit ($0.05/$0.10 USD) - 2021/01/23 18:04:33 ET
Table 'Odysseus III' 6-max Seat #2 is the button
Seat 1: 0TheMouse0 ($10 in chips) 
Seat 2: andrew_yar ($12.45 in chips) 
Seat 3: Bursitet ($29.51 in chips) 
Seat 4: Danut Stoica ($10 in chips) 
Seat 5: vilemo20 ($14.29 in chips) 
Seat 6: ojeriza ($23.66 in chips) 
Bursitet: posts small blind $0.05
Danut Stoica: posts big blind $0.10
*** HOLE CARDS ***
vilemo20: folds 
ojeriza: folds 
0TheMouse0: raises $0.15 to $0.25
andrew_yar: folds 
Bursitet: calls $0.20
Danut Stoica: calls $0.15
*** FLOP *** [Kh 9s 6d]
Bursitet: checks 
Danut Stoica: checks 
0TheMouse0: bets $0.50
Bursitet: folds 
Danut Stoica: folds 
Uncalled bet ($0.50) returned to 0TheMouse0
0TheMouse0 collected $0.72 from pot
0TheMouse0: doesn't show hand 
*** SUMMARY ***
Total pot $0.75 | Rake $0.03 
Board [Kh 9s 6d]
Seat 1: 0TheMouse0 collected ($0.72)
Seat 2: andrew_yar (button) folded before Flop (didn't bet)
Seat 3: Bursitet (small blind) folded on the Flop
Seat 4: Danut Stoica (big blind) folded on the Flop
Seat 5: vilemo20 folded before Flop (didn't bet)
Seat 6: ojeriza folded before Flop (didn't bet)



PokerStars Hand #222976770984:  Hold'em No Limit ($0.05/$0.10 USD) - 2021/01/23 18:05:00 ET
Table 'Odysseus III' 6-max Seat #3 is the button
Seat 1: 0TheMouse0 ($10.47 in chips) 
Seat 2: andrew_yar ($12.45 in chips) 
Seat 3: Bursitet ($29.26 in chips) 
Seat 4: Danut Stoica ($10 in chips) 
Seat 5: vilemo20 ($14.29 in chips) 
Seat 6: ojeriza ($23.66 in chips) 
Danut Stoica: posts small blind $0.05
vilemo20: posts big blind $0.10
*** HOLE CARDS ***
ojeriza: folds 
0TheMouse0: folds 
andrew_yar: folds 
Bursitet: raises $0.18 to $0.28
Danut Stoica: folds 
vilemo20: folds 
Uncalled bet ($0.18) returned to Bursitet
Bursitet collected $0.25 from pot
Bursitet: doesn't show hand 
*** SUMMARY ***
Total pot $0.25 | Rake $0 
Seat 1: 0TheMouse0 folded before Flop (didn't bet)
Seat 2: andrew_yar folded before Flop (didn't bet)
Seat 3: Bursitet (button) collected ($0.25)
Seat 4: Danut Stoica (small blind) folded before Flop
Seat 5: vilemo20 (big blind) folded before Flop
Seat 6: ojeriza folded before Flop (didn't bet)



PokerStars Hand #222976781440:  Hold'em No Limit ($0.05/$0.10 USD) - 2021/01/23 18:05:14 ET
Table 'Odysseus III' 6-max Seat #4 is the button
Seat 1: 0TheMouse0 ($10.47 in chips) 
Seat 2: andrew_yar ($12.45 in chips) 
Seat 3: Bursitet ($29.41 in chips) 
Seat 4: Danut Stoica ($10 in chips) 
Seat 5: vilemo20 ($14.19 in chips) 
Seat 6: ojeriza ($23.66 in chips) 
vilemo20: posts small blind $0.05
ojeriza: posts big blind $0.10
*** HOLE CARDS ***
0TheMouse0: folds 
andrew_yar: folds 
Bursitet: raises $0.22 to $0.32
Danut Stoica: folds 
vilemo20: folds 
ojeriza: calls $0.22
*** FLOP *** [9d 8d Ah]
ojeriza: checks 
Bursitet: bets $0.32
ojeriza: calls $0.32
*** TURN *** [9d 8d Ah] [2d]
ojeriza: checks 
Bursitet: bets $0.47
ojeriza: folds 
Uncalled bet ($0.47) returned to Bursitet
Bursitet collected $1.27 from pot
Bursitet: doesn't show hand 
*** SUMMARY ***
Total pot $1.33 | Rake $0.06 
Board [9d 8d Ah 2d]
Seat 1: 0TheMouse0 folded before Flop (didn't bet)
Seat 2: andrew_yar folded before Flop (didn't bet)
Seat 3: Bursitet collected ($1.27)
Seat 4: Danut Stoica (button) folded before Flop (didn't bet)
Seat 5: vilemo20 (small blind) folded before Flop
Seat 6: ojeriza (big blind) folded on the Turn



PokerStars Hand #222976817389:  Hold'em No Limit ($0.05/$0.10 USD) - 2021/01/23 18:06:05 ET
Table 'Odysseus III' 6-max Seat #5 is the button
Seat 1: 0TheMouse0 ($10.47 in chips) 
Seat 2: andrew_yar ($12.45 in chips) 
Seat 3: Bursitet ($30.04 in chips) 
Seat 4: Danut Stoica ($10 in chips) 
Seat 5: vilemo20 ($14.14 in chips) 
Seat 6: ojeriza ($23.02 in chips) 
ojeriza: posts small blind $0.05
0TheMouse0: posts big blind $0.10
*** HOLE CARDS ***
andrew_yar: raises $0.20 to $0.30
Bursitet: calls $0.30
Danut Stoica: folds 
vilemo20: folds 
ojeriza: raises $1.10 to $1.40
0TheMouse0: folds 
andrew_yar: folds 
Bursitet: calls $1.10
*** FLOP *** [Ac 8c Tc]
ojeriza: bets $1.01
Bursitet: calls $1.01
*** TURN *** [Ac 8c Tc] [Ts]
ojeriza: checks 
Bursitet: checks 
*** RIVER *** [Ac 8c Tc Ts] [4h]
ojeriza: checks 
Bursitet: checks 
*** SHOW DOWN ***
ojeriza: shows [Ks Kh] (two pair, Kings and Tens)
Bursitet: shows [7c As] (two pair, Aces and Tens)
Bursitet collected $4.99 from pot
*** SUMMARY ***
Total pot $5.22 | Rake $0.23 
Board [Ac 8c Tc Ts 4h]
Seat 1: 0TheMouse0 (big blind) folded before Flop
Seat 2: andrew_yar folded before Flop
Seat 3: Bursitet showed [7c As] and won ($4.99) with two pair, Aces and Tens
Seat 4: Danut Stoica folded before Flop (didn't bet)
Seat 5: vilemo20 (button) folded before Flop (didn't bet)
Seat 6: ojeriza (small blind) showed [Ks Kh] and lost with two pair, Kings and Tens



PokerStars Hand #222976847831:  Hold'em No Limit ($0.05/$0.10 USD) - 2021/01/23 18:06:48 ET
Table 'Odysseus III' 6-max Seat #6 is the button
Seat 1: 0TheMouse0 ($10.37 in chips) 
Seat 2: andrew_yar ($12.15 in chips) 
Seat 3: Bursitet ($32.62 in chips) 
Seat 4: Danut Stoica ($10 in chips) 
Seat 5: vilemo20 ($14.14 in chips) 
Seat 6: ojeriza ($20.61 in chips) 
0TheMouse0: posts small blind $0.05
andrew_yar: posts big blind $0.10
*** HOLE CARDS ***
Bursitet: raises $0.22 to $0.32
Danut Stoica: folds 
vilemo20: folds 
ojeriza: folds 
0TheMouse0: folds 
andrew_yar: folds 
Uncalled bet ($0.22) returned to Bursitet
Bursitet collected $0.25 from pot
Bursitet: doesn't show hand 
*** SUMMARY ***
Total pot $0.25 | Rake $0 
Seat 1: 0TheMouse0 (small blind) folded before Flop
Seat 2: andrew_yar (big blind) folded before Flop
Seat 3: Bursitet collected ($0.25)
Seat 4: Danut Stoica folded before Flop (didn't bet)
Seat 5: vilemo20 folded before Flop (didn't bet)
Seat 6: ojeriza (button) folded before Flop (didn't bet)



PokerStars Hand #222976856331:  Hold'em No Limit ($0.05/$0.10 USD) - 2021/01/23 18:07:01 ET
Table 'Odysseus III' 6-max Seat #1 is the button
Seat 1: 0TheMouse0 ($10.32 in chips) 
Seat 2: andrew_yar ($12.05 in chips) 
Seat 3: Bursitet ($32.77 in chips) 
Seat 4: Danut Stoica ($10 in chips) 
Seat 5: vilemo20 ($14.14 in chips) 
Seat 6: ojeriza ($20.61 in chips) 
andrew_yar: posts small blind $0.05
Bursitet: posts big blind $0.10
*** HOLE CARDS ***
Danut Stoica: folds 
vilemo20: raises $0.20 to $0.30
ojeriza: folds 
0TheMouse0: folds 
andrew_yar: folds 
Bursitet: calls $0.20
*** FLOP *** [Ad 2c Qc]
Bursitet: checks 
vilemo20: checks 
*** TURN *** [Ad 2c Qc] [Jc]
Bursitet: bets $0.23
vilemo20: folds 
Uncalled bet ($0.23) returned to Bursitet
Bursitet collected $0.62 from pot
Bursitet: doesn't show hand 
*** SUMMARY ***
Total pot $0.65 | Rake $0.03 
Board [Ad 2c Qc Jc]
Seat 1: 0TheMouse0 (button) folded before Flop (didn't bet)
Seat 2: andrew_yar (small blind) folded before Flop
Seat 3: Bursitet (big blind) collected ($0.62)
Seat 4: Danut Stoica folded before Flop (didn't bet)
Seat 5: vilemo20 folded on the Turn
Seat 6: ojeriza folded before Flop (didn't bet)



PokerStars Hand #222976883287:  Hold'em No Limit ($0.05/$0.10 USD) - 2021/01/23 18:07:39 ET
Table 'Odysseus III' 6-max Seat #2 is the button
Seat 1: 0TheMouse0 ($10.32 in chips) 
Seat 2: andrew_yar ($12 in chips) 
Seat 3: Bursitet ($33.09 in chips) 
Seat 4: Danut Stoica ($10 in chips) 
Seat 5: vilemo20 ($13.84 in chips) 
Seat 6: ojeriza ($20.61 in chips) 
Bursitet: posts small blind $0.05
Danut Stoica: posts big blind $0.10
*** HOLE CARDS ***
vilemo20: folds 
ojeriza: folds 
0TheMouse0: folds 
andrew_yar: raises $0.15 to $0.25
Bursitet: raises $0.35 to $0.60
Danut Stoica: folds 
andrew_yar: calls $0.35
*** FLOP *** [Kc Tc 3d]
Bursitet: bets $0.92
andrew_yar: folds 
Uncalled bet ($0.92) returned to Bursitet
Bursitet collected $1.24 from pot
Bursitet: doesn't show hand 
*** SUMMARY ***
Total pot $1.30 | Rake $0.06 
Board [Kc Tc 3d]
Seat 1: 0TheMouse0 folded before Flop (didn't bet)
Seat 2: andrew_yar (button) folded on the Flop
Seat 3: Bursitet (small blind) collected ($1.24)
Seat 4: Danut Stoica (big blind) folded before Flop
Seat 5: vilemo20 folded before Flop (didn't bet)
Seat 6: ojeriza folded before Flop (didn't bet)



PokerStars Hand #222976907281:  Hold'em No Limit ($0.05/$0.10 USD) - 2021/01/23 18:08:13 ET
Table 'Odysseus III' 6-max Seat #3 is the button
Seat 1: 0TheMouse0 ($10.32 in chips) 
Seat 2: andrew_yar ($11.40 in chips) 
Seat 3: Bursitet ($33.73 in chips) 
Seat 4: Danut Stoica ($10 in chips) 
Seat 5: vilemo20 ($13.84 in chips) 
Seat 6: ojeriza ($20.61 in chips) 
Danut Stoica: posts small blind $0.05
vilemo20: posts big blind $0.10
*** HOLE CARDS ***
ojeriza: folds 
0TheMouse0: folds 
andrew_yar: folds 
Bursitet: raises $0.22 to $0.32
Danut Stoica: raises $0.68 to $1
vilemo20: folds 
Bursitet: calls $0.68
*** FLOP *** [2s Ks 8c]
Danut Stoica: bets $1.05
Bursitet: calls $1.05
*** TURN *** [2s Ks 8c] [8h]
Danut Stoica: checks 
Bursitet: checks 
*** RIVER *** [2s Ks 8c 8h] [Jc]
Danut Stoica: checks 
Bursitet: checks 
*** SHOW DOWN ***
Danut Stoica: shows [Kd Jh] (two pair, Kings and Jacks)
Bursitet: mucks hand 
Danut Stoica collected $4.01 from pot
*** SUMMARY ***
Total pot $4.20 | Rake $0.19 
Board [2s Ks 8c 8h Jc]
Seat 1: 0TheMouse0 folded before Flop (didn't bet)
Seat 2: andrew_yar folded before Flop (didn't bet)
Seat 3: Bursitet (button) mucked
Seat 4: Danut Stoica (small blind) showed [Kd Jh] and won ($4.01) with two pair, Kings and Jacks
Seat 5: vilemo20 (big blind) folded before Flop
Seat 6: ojeriza folded before Flop (didn't bet)



PokerStars Hand #222976942463:  Hold'em No Limit ($0.05/$0.10 USD) - 2021/01/23 18:09:04 ET
Table 'Odysseus III' 6-max Seat #4 is the button
Seat 1: 0TheMouse0 ($10.32 in chips) 
Seat 2: andrew_yar ($11.40 in chips) 
Seat 3: Bursitet ($31.68 in chips) 
Seat 4: Danut Stoica ($11.96 in chips) 
Seat 5: vilemo20 ($13.74 in chips) 
Seat 6: ojeriza ($20.61 in chips) 
vilemo20: posts small blind $0.05
ojeriza: posts big blind $0.10
*** HOLE CARDS ***
0TheMouse0: folds 
andrew_yar: folds 
Bursitet: folds 
Danut Stoica: raises $0.15 to $0.25
vilemo20: folds 
ojeriza: folds 
Uncalled bet ($0.15) returned to Danut Stoica
Danut Stoica collected $0.25 from pot
Danut Stoica: doesn't show hand 
*** SUMMARY ***
Total pot $0.25 | Rake $0 
Seat 1: 0TheMouse0 folded before Flop (didn't bet)
Seat 2: andrew_yar folded before Flop (didn't bet)
Seat 3: Bursitet folded before Flop (didn't bet)
Seat 4: Danut Stoica (button) collected ($0.25)
Seat 5: vilemo20 (small blind) folded before Flop
Seat 6: ojeriza (big blind) folded before Flop



PokerStars Hand #222976959747:  Hold'em No Limit ($0.05/$0.10 USD) - 2021/01/23 18:09:29 ET
Table 'Odysseus III' 6-max Seat #5 is the button
Seat 1: 0TheMouse0 ($10.32 in chips) 
Seat 2: andrew_yar ($11.40 in chips) 
Seat 3: Bursitet ($31.68 in chips) 
Seat 4: Danut Stoica ($12.11 in chips) 
Seat 5: vilemo20 ($13.69 in chips) 
Seat 6: ojeriza ($20.51 in chips) 
ojeriza: posts small blind $0.05
0TheMouse0: posts big blind $0.10
*** HOLE CARDS ***
andrew_yar: folds 
Bursitet: raises $0.22 to $0.32
Danut Stoica: folds 
vilemo20: folds 
ojeriza: folds 
0TheMouse0: folds 
Uncalled bet ($0.22) returned to Bursitet
Bursitet collected $0.25 from pot
Bursitet: doesn't show hand 
*** SUMMARY ***
Total pot $0.25 | Rake $0 
Seat 1: 0TheMouse0 (big blind) folded before Flop
Seat 2: andrew_yar folded before Flop (didn't bet)
Seat 3: Bursitet collected ($0.25)
Seat 4: Danut Stoica folded before Flop (didn't bet)
Seat 5: vilemo20 (button) folded before Flop (didn't bet)
Seat 6: ojeriza (small blind) folded before Flop



PokerStars Hand #222976978168:  Hold'em No Limit ($0.05/$0.10 USD) - 2021/01/23 18:09:47 ET
Table 'Odysseus III' 6-max Seat #6 is the button
Seat 1: 0TheMouse0 ($10.22 in chips) 
Seat 2: andrew_yar ($11.40 in chips) 
Seat 3: Bursitet ($31.83 in chips) 
Seat 4: Danut Stoica ($12.11 in chips) 
Seat 5: vilemo20 ($13.69 in chips) 
Seat 6: ojeriza ($20.46 in chips) 
0TheMouse0: posts small blind $0.05
andrew_yar: posts big blind $0.10
*** HOLE CARDS ***
Bursitet: folds 
Danut Stoica: folds 
vilemo20: folds 
ojeriza: folds 
0TheMouse0: folds 
Uncalled bet ($0.05) returned to andrew_yar
andrew_yar collected $0.10 from pot
andrew_yar: doesn't show hand 
*** SUMMARY ***
Total pot $0.10 | Rake $0 
Seat 1: 0TheMouse0 (small blind) folded before Flop
Seat 2: andrew_yar (big blind) collected ($0.10)
Seat 3: Bursitet folded before Flop (didn't bet)
Seat 4: Danut Stoica folded before Flop (didn't bet)
Seat 5: vilemo20 folded before Flop (didn't bet)
Seat 6: ojeriza (button) folded before Flop (didn't bet)



PokerStars Hand #222976991708:  Hold'em No Limit ($0.05/$0.10 USD) - 2021/01/23 18:09:57 ET
Table 'Odysseus III' 6-max Seat #1 is the button
Seat 1: 0TheMouse0 ($10.17 in chips) 
Seat 2: andrew_yar ($11.45 in chips) 
Seat 3: Bursitet ($31.83 in chips) 
Seat 4: Danut Stoica ($12.11 in chips) 
Seat 5: vilemo20 ($13.69 in chips) 
Seat 6: ojeriza ($20.46 in chips) 
andrew_yar: posts small blind $0.05
Bursitet: posts big blind $0.10
*** HOLE CARDS ***
Danut Stoica: folds 
vilemo20: folds 
ojeriza: folds 
0TheMouse0: raises $0.15 to $0.25
andrew_yar: folds 
Bursitet: calls $0.15
*** FLOP *** [2s Kd As]
Bursitet: checks 
0TheMouse0: bets $0.80
Bursitet: calls $0.80
*** TURN *** [2s Kd As] [4h]
Bursitet: checks 
0TheMouse0: bets $2.55
Bursitet: folds 
Uncalled bet ($2.55) returned to 0TheMouse0
0TheMouse0 collected $2.05 from pot
0TheMouse0: doesn't show hand 
*** SUMMARY ***
Total pot $2.15 | Rake $0.10 
Board [2s Kd As 4h]
Seat 1: 0TheMouse0 (button) collected ($2.05)
Seat 2: andrew_yar (small blind) folded before Flop
Seat 3: Bursitet (big blind) folded on the Turn
Seat 4: Danut Stoica folded before Flop (didn't bet)
Seat 5: vilemo20 folded before Flop (didn't bet)
Seat 6: ojeriza folded before Flop (didn't bet)



PokerStars Hand #222977018300:  Hold'em No Limit ($0.05/$0.10 USD) - 2021/01/23 18:10:36 ET
Table 'Odysseus III' 6-max Seat #2 is the button
Seat 1: 0TheMouse0 ($11.17 in chips) 
Seat 2: andrew_yar ($11.40 in chips) 
Seat 3: Bursitet ($30.78 in chips) 
Seat 4: Danut Stoica ($12.11 in chips) 
Seat 5: vilemo20 ($13.69 in chips) 
Seat 6: ojeriza ($20.46 in chips) 
Bursitet: posts small blind $0.05
Danut Stoica: posts big blind $0.10
*** HOLE CARDS ***
vilemo20: raises $0.20 to $0.30
ojeriza: folds 
0TheMouse0: folds 
andrew_yar: folds 
Bursitet: calls $0.25
Danut Stoica: folds 
*** FLOP *** [Ac Qd 9h]
Bursitet: checks 
vilemo20: checks 
*** TURN *** [Ac Qd 9h] [5h]
Bursitet: checks 
vilemo20: checks 
*** RIVER *** [Ac Qd 9h 5h] [Th]
Bursitet: bets $0.32
vilemo20: calls $0.32
*** SHOW DOWN ***
Bursitet: shows [8c Kc] (high card Ace)
vilemo20: shows [Tc 9c] (two pair, Tens and Nines)
vilemo20 collected $1.28 from pot
*** SUMMARY ***
Total pot $1.34 | Rake $0.06 
Board [Ac Qd 9h 5h Th]
Seat 1: 0TheMouse0 folded before Flop (didn't bet)
Seat 2: andrew_yar (button) folded before Flop (didn't bet)
Seat 3: Bursitet (small blind) showed [8c Kc] and lost with high card Ace
Seat 4: Danut Stoica (big blind) folded before Flop
Seat 5: vilemo20 showed [Tc 9c] and won ($1.28) with two pair, Tens and Nines
Seat 6: ojeriza folded before Flop (didn't bet)



PokerStars Hand #222977037620:  Hold'em No Limit ($0.05/$0.10 USD) - 2021/01/23 18:11:04 ET
Table 'Odysseus III' 6-max Seat #3 is the button
Seat 1: 0TheMouse0 ($11.17 in chips) 
Seat 2: andrew_yar ($11.40 in chips) 
Seat 3: Bursitet ($30.16 in chips) 
Seat 4: Danut Stoica ($12.01 in chips) 
Seat 5: vilemo20 ($14.35 in chips) 
Seat 6: ojeriza ($20.46 in chips) 
Danut Stoica: posts small blind $0.05
vilemo20: posts big blind $0.10
*** HOLE CARDS ***
ojeriza: folds 
0TheMouse0: folds 
andrew_yar: folds 
Bursitet: calls $0.10
Danut Stoica: folds 
vilemo20: checks 
*** FLOP *** [Qs Td Qh]
vilemo20: checks 
Bursitet: checks 
*** TURN *** [Qs Td Qh] [2h]
vilemo20: checks 
Bursitet: checks 
*** RIVER *** [Qs Td Qh 2h] [9h]
vilemo20: checks 
Bursitet: checks 
*** SHOW DOWN ***
vilemo20: shows [5h Kc] (a pair of Queens)
Bursitet: shows [Kd 8c] (a pair of Queens)
vilemo20 collected $0.12 from pot
Bursitet collected $0.12 from pot
*** SUMMARY ***
Total pot $0.25 | Rake $0.01 
Board [Qs Td Qh 2h 9h]
Seat 1: 0TheMouse0 folded before Flop (didn't bet)
Seat 2: andrew_yar folded before Flop (didn't bet)
Seat 3: Bursitet (button) showed [Kd 8c] and won ($0.12) with a pair of Queens
Seat 4: Danut Stoica (small blind) folded before Flop
Seat 5: vilemo20 (big blind) showed [5h Kc] and won ($0.12) with a pair of Queens
Seat 6: ojeriza folded before Flop (didn't bet)



PokerStars Hand #222977062278:  Hold'em No Limit ($0.05/$0.10 USD) - 2021/01/23 18:11:40 ET
Table 'Odysseus III' 6-max Seat #4 is the button
Seat 1: 0TheMouse0 ($11.17 in chips) 
Seat 2: andrew_yar ($11.40 in chips) 
Seat 3: Bursitet ($30.18 in chips) 
Seat 4: Danut Stoica ($11.96 in chips) 
Seat 5: vilemo20 ($14.37 in chips) 
Seat 6: ojeriza ($20.46 in chips) 
vilemo20: posts small blind $0.05
ojeriza: posts big blind $0.10
*** HOLE CARDS ***
0TheMouse0: raises $0.15 to $0.25
andrew_yar: folds 
Bursitet: calls $0.25
Danut Stoica: folds 
vilemo20: folds 
ojeriza: folds 
*** FLOP *** [8h 6s Jd]
0TheMouse0: checks 
Bursitet: checks 
*** TURN *** [8h 6s Jd] [5c]
0TheMouse0: bets $0.43
Bursitet: calls $0.43
*** RIVER *** [8h 6s Jd 5c] [Ac]
0TheMouse0: bets $0.48
Bursitet: calls $0.48
*** SHOW DOWN ***
0TheMouse0: shows [9c 9h] (a pair of Nines)
Bursitet: shows [Jh 7h] (a pair of Jacks)
Bursitet collected $2.36 from pot
*** SUMMARY ***
Total pot $2.47 | Rake $0.11 
Board [8h 6s Jd 5c Ac]
Seat 1: 0TheMouse0 showed [9c 9h] and lost with a pair of Nines
Seat 2: andrew_yar folded before Flop (didn't bet)
Seat 3: Bursitet showed [Jh 7h] and won ($2.36) with a pair of Jacks
Seat 4: Danut Stoica (button) folded before Flop (didn't bet)
Seat 5: vilemo20 (small blind) folded before Flop
Seat 6: ojeriza (big blind) folded before Flop



PokerStars Hand #222977077692:  Hold'em No Limit ($0.05/$0.10 USD) - 2021/01/23 18:12:02 ET
Table 'Odysseus III' 6-max Seat #5 is the button
Seat 1: 0TheMouse0 ($10.01 in chips) 
Seat 2: andrew_yar ($11.40 in chips) 
Seat 3: Bursitet ($31.38 in chips) 
Seat 4: Danut Stoica ($11.96 in chips) 
Seat 5: vilemo20 ($14.32 in chips) 
Seat 6: ojeriza ($20.36 in chips) 
ojeriza: posts small blind $0.05
0TheMouse0: posts big blind $0.10
*** HOLE CARDS ***
andrew_yar: folds 
Bursitet: calls $0.10
Danut Stoica: folds 
vilemo20: raises $0.30 to $0.40
ojeriza: folds 
0TheMouse0: raises $1.10 to $1.50
Bursitet: folds 
vilemo20: folds 
Uncalled bet ($1.10) returned to 0TheMouse0
0TheMouse0 collected $0.95 from pot
*** SUMMARY ***
Total pot $0.95 | Rake $0 
Seat 1: 0TheMouse0 (big blind) collected ($0.95)
Seat 2: andrew_yar folded before Flop (didn't bet)
Seat 3: Bursitet folded before Flop
Seat 4: Danut Stoica folded before Flop (didn't bet)
Seat 5: vilemo20 (button) folded before Flop
Seat 6: ojeriza (small blind) folded before Flop



PokerStars Hand #222977106577:  Hold'em No Limit ($0.05/$0.10 USD) - 2021/01/23 18:12:44 ET
Table 'Odysseus III' 6-max Seat #6 is the button
Seat 2: andrew_yar ($11.40 in chips) 
Seat 3: Bursitet ($31.28 in chips) 
Seat 4: Danut Stoica ($11.96 in chips) 
Seat 5: vilemo20 ($13.92 in chips) 
Seat 6: ojeriza ($20.31 in chips) 
0TheMouse0 has timed out
0TheMouse0: is sitting out 
andrew_yar: posts small blind $0.05
Bursitet: posts big blind $0.10
*** HOLE CARDS ***
Danut Stoica: raises $0.15 to $0.25
vilemo20: folds 
ojeriza: folds 
andrew_yar: folds 
Bursitet: raises $0.55 to $0.80
0TheMouse0 is disconnected 
Danut Stoica: calls $0.55
*** FLOP *** [Tc 7h 8d]
Bursitet: bets $1.17
Danut Stoica: calls $1.17
*** TURN *** [Tc 7h 8d] [Qh]
Bursitet: bets $2.82
Danut Stoica: raises $7.17 to $9.99 and is all-in
Bursitet: calls $7.17
*** RIVER *** [Tc 7h 8d Qh] [Ks]
*** SHOW DOWN ***
Bursitet: shows [Ad Ah] (a pair of Aces)
Danut Stoica: shows [Jh 9h] (a straight, Nine to King)
Danut Stoica collected $22.89 from pot
*** SUMMARY ***
Total pot $23.97 | Rake $1.08 
Board [Tc 7h 8d Qh Ks]
Seat 2: andrew_yar (small blind) folded before Flop
Seat 3: Bursitet (big blind) showed [Ad Ah] and lost with a pair of Aces
Seat 4: Danut Stoica showed [Jh 9h] and won ($22.89) with a straight, Nine to King
Seat 5: vilemo20 folded before Flop (didn't bet)
Seat 6: ojeriza (button) folded before Flop (didn't bet)



PokerStars Hand #222977139833:  Hold'em No Limit ($0.05/$0.10 USD) - 2021/01/23 18:13:33 ET
Table 'Odysseus III' 6-max Seat #2 is the button
Seat 2: andrew_yar ($11.35 in chips) 
Seat 3: Bursitet ($19.32 in chips) 
Seat 4: Danut Stoica ($22.89 in chips) 
Seat 5: vilemo20 ($13.92 in chips) 
Seat 6: ojeriza ($20.31 in chips) 
Bursitet: posts small blind $0.05
Danut Stoica: posts big blind $0.10
*** HOLE CARDS ***
vilemo20: folds 
ojeriza: folds 
andrew_yar: raises $0.15 to $0.25
Bursitet: folds 
Danut Stoica: folds 
Uncalled bet ($0.15) returned to andrew_yar
andrew_yar collected $0.25 from pot
andrew_yar: doesn't show hand 
*** SUMMARY ***
Total pot $0.25 | Rake $0 
Seat 2: andrew_yar (button) collected ($0.25)
Seat 3: Bursitet (small blind) folded before Flop
Seat 4: Danut Stoica (big blind) folded before Flop
Seat 5: vilemo20 folded before Flop (didn't bet)
Seat 6: ojeriza folded before Flop (didn't bet)



PokerStars Hand #222977152501:  Hold'em No Limit ($0.05/$0.10 USD) - 2021/01/23 18:13:51 ET
Table 'Odysseus III' 6-max Seat #3 is the button
Seat 2: andrew_yar ($11.50 in chips) 
Seat 3: Bursitet ($19.27 in chips) 
Seat 4: Danut Stoica ($22.79 in chips) 
Seat 5: vilemo20 ($13.92 in chips) 
Seat 6: ojeriza ($20.31 in chips) 
Danut Stoica: posts small blind $0.05
vilemo20: posts big blind $0.10
*** HOLE CARDS ***
ojeriza: folds 
andrew_yar: folds 
Bursitet: raises $19.17 to $19.27 and is all-in
Danut Stoica: folds 
vilemo20: folds 
Uncalled bet ($19.17) returned to Bursitet
Bursitet collected $0.25 from pot
Bursitet: doesn't show hand 
*** SUMMARY ***
Total pot $0.25 | Rake $0 
Seat 2: andrew_yar folded before Flop (didn't bet)
Seat 3: Bursitet (button) collected ($0.25)
Seat 4: Danut Stoica (small blind) folded before Flop
Seat 5: vilemo20 (big blind) folded before Flop
Seat 6: ojeriza folded before Flop (didn't bet)



PokerStars Hand #222977158866:  Hold'em No Limit ($0.05/$0.10 USD) - 2021/01/23 18:14:00 ET
Table 'Odysseus III' 6-max Seat #4 is the button
Seat 2: andrew_yar ($11.50 in chips) 
Seat 3: Bursitet ($19.42 in chips) 
Seat 4: Danut Stoica ($22.74 in chips) 
Seat 5: vilemo20 ($13.82 in chips) 
Seat 6: ojeriza ($20.31 in chips) 
vilemo20: posts small blind $0.05
ojeriza: posts big blind $0.10
*** HOLE CARDS ***
andrew_yar: folds 
Bursitet: raises $0.22 to $0.32
Danut Stoica: folds 
vilemo20: folds 
ojeriza: folds 
Uncalled bet ($0.22) returned to Bursitet
Bursitet collected $0.25 from pot
Bursitet: doesn't show hand 
*** SUMMARY ***
Total pot $0.25 | Rake $0 
Seat 2: andrew_yar folded before Flop (didn't bet)
Seat 3: Bursitet collected ($0.25)
Seat 4: Danut Stoica (button) folded before Flop (didn't bet)
Seat 5: vilemo20 (small blind) folded before Flop
Seat 6: ojeriza (big blind) folded before Flop



PokerStars Hand #222977169527:  Hold'em No Limit ($0.05/$0.10 USD) - 2021/01/23 18:14:16 ET
Table 'Odysseus III' 6-max Seat #5 is the button
Seat 2: andrew_yar ($11.50 in chips) 
Seat 3: Bursitet ($19.57 in chips) 
Seat 4: Danut Stoica ($22.74 in chips) 
Seat 5: vilemo20 ($13.77 in chips) 
Seat 6: ojeriza ($20.21 in chips) 
ojeriza: posts small blind $0.05
andrew_yar: posts big blind $0.10
*** HOLE CARDS ***
Bursitet: calls $0.10
Danut Stoica: folds 
vilemo20: raises $0.30 to $0.40
ojeriza: folds 
andrew_yar: folds 
Bursitet: calls $0.30
*** FLOP *** [3h 8c 9c]
Bursitet: checks 
vilemo20: bets $0.62
Bursitet: calls $0.62
*** TURN *** [3h 8c 9c] [Ks]
Bursitet: checks 
vilemo20: checks 
*** RIVER *** [3h 8c 9c Ks] [Ah]
Bursitet: checks 
vilemo20: checks 
*** SHOW DOWN ***
Bursitet: shows [5d 8h] (a pair of Eights)
vilemo20: shows [Th Ts] (a pair of Tens)
vilemo20 collected $2.09 from pot
*** SUMMARY ***
Total pot $2.19 | Rake $0.10 
Board [3h 8c 9c Ks Ah]
Seat 2: andrew_yar (big blind) folded before Flop
Seat 3: Bursitet showed [5d 8h] and lost with a pair of Eights
Seat 4: Danut Stoica folded before Flop (didn't bet)
Seat 5: vilemo20 (button) showed [Th Ts] and won ($2.09) with a pair of Tens
Seat 6: ojeriza (small blind) folded before Flop



PokerStars Hand #222977189047:  Hold'em No Limit ($0.05/$0.10 USD) - 2021/01/23 18:14:44 ET
Table 'Odysseus III' 6-max Seat #6 is the button
Seat 2: andrew_yar ($11.40 in chips) 
Seat 3: Bursitet ($18.55 in chips) 
Seat 4: Danut Stoica ($22.74 in chips) 
Seat 5: vilemo20 ($14.84 in chips) 
Seat 6: ojeriza ($20.16 in chips) 
andrew_yar: posts small blind $0.05
Bursitet: posts big blind $0.10
*** HOLE CARDS ***
Danut Stoica: raises $0.15 to $0.25
vilemo20: calls $0.25
ojeriza: folds 
andrew_yar: folds 
Bursitet: calls $0.15
*** FLOP *** [2h Qh 7c]
Bursitet: checks 
Danut Stoica: bets $0.55
vilemo20: folds 
Bursitet: folds 
Uncalled bet ($0.55) returned to Danut Stoica
Danut Stoica collected $0.76 from pot
Danut Stoica: doesn't show hand 
*** SUMMARY ***
Total pot $0.80 | Rake $0.04 
Board [2h Qh 7c]
Seat 2: andrew_yar (small blind) folded before Flop
Seat 3: Bursitet (big blind) folded on the Flop
Seat 4: Danut Stoica collected ($0.76)
Seat 5: vilemo20 folded on the Flop
Seat 6: ojeriza (button) folded before Flop (didn't bet)



PokerStars Hand #222977209697:  Hold'em No Limit ($0.05/$0.10 USD) - 2021/01/23 18:15:14 ET
Table 'Odysseus III' 6-max Seat #2 is the button
Seat 2: andrew_yar ($11.35 in chips) 
Seat 3: Bursitet ($18.30 in chips) 
Seat 4: Danut Stoica ($23.25 in chips) 
Seat 5: vilemo20 ($14.59 in chips) 
Seat 6: ojeriza ($20.16 in chips) 
Bursitet: posts small blind $0.05
Danut Stoica: posts big blind $0.10
*** HOLE CARDS ***
vilemo20: folds 
ojeriza: folds 
andrew_yar: raises $0.15 to $0.25
Bursitet: folds 
Danut Stoica: raises $0.75 to $1
0TheMouse0 is disconnected 
andrew_yar: folds 
Uncalled bet ($0.75) returned to Danut Stoica
Danut Stoica collected $0.55 from pot
Danut Stoica: doesn't show hand 
*** SUMMARY ***
Total pot $0.55 | Rake $0 
Seat 2: andrew_yar (button) folded before Flop
Seat 3: Bursitet (small blind) folded before Flop
Seat 4: Danut Stoica (big blind) collected ($0.55)
Seat 5: vilemo20 folded before Flop (didn't bet)
Seat 6: ojeriza folded before Flop (didn't bet)



PokerStars Hand #222977234299:  Hold'em No Limit ($0.05/$0.10 USD) - 2021/01/23 18:15:51 ET
Table 'Odysseus III' 6-max Seat #3 is the button
Seat 2: andrew_yar ($11.10 in chips) 
Seat 3: Bursitet ($18.25 in chips) 
Seat 4: Danut Stoica ($23.55 in chips) 
Seat 5: vilemo20 ($14.59 in chips) 
Seat 6: ojeriza ($20.16 in chips) 
Danut Stoica: posts small blind $0.05
vilemo20: posts big blind $0.10
*** HOLE CARDS ***
ojeriza: raises $0.20 to $0.30
andrew_yar: calls $0.30
Bursitet: calls $0.30
Danut Stoica: folds 
vilemo20: folds 
*** FLOP *** [7d 3s Kc]
ojeriza: checks 
andrew_yar: checks 
Bursitet: bets $0.48
ojeriza: folds 
andrew_yar: folds 
Uncalled bet ($0.48) returned to Bursitet
Bursitet collected $1 from pot
Bursitet: doesn't show hand 
*** SUMMARY ***
Total pot $1.05 | Rake $0.05 
Board [7d 3s Kc]
Seat 2: andrew_yar folded on the Flop
Seat 3: Bursitet (button) collected ($1)
Seat 4: Danut Stoica (small blind) folded before Flop
Seat 5: vilemo20 (big blind) folded before Flop
Seat 6: ojeriza folded on the Flop



PokerStars Hand #222977261015:  Hold'em No Limit ($0.05/$0.10 USD) - 2021/01/23 18:16:30 ET
Table 'Odysseus III' 6-max Seat #4 is the button
Seat 2: andrew_yar ($10.80 in chips) 
Seat 3: Bursitet ($18.95 in chips) 
Seat 4: Danut Stoica ($23.50 in chips) 
Seat 5: vilemo20 ($14.49 in chips) 
Seat 6: ojeriza ($19.86 in chips) 
vilemo20: posts small blind $0.05
ojeriza: posts big blind $0.10
*** HOLE CARDS ***
andrew_yar has timed out
andrew_yar: folds 
Bursitet: raises $0.22 to $0.32
Danut Stoica: folds 
vilemo20: folds 
ojeriza: folds 
Uncalled bet ($0.22) returned to Bursitet
Bursitet collected $0.25 from pot
Bursitet: doesn't show hand 
*** SUMMARY ***
Total pot $0.25 | Rake $0 
Seat 2: andrew_yar folded before Flop (didn't bet)
Seat 3: Bursitet collected ($0.25)
Seat 4: Danut Stoica (button) folded before Flop (didn't bet)
Seat 5: vilemo20 (small blind) folded before Flop
Seat 6: ojeriza (big blind) folded before Flop



PokerStars Hand #222977277448:  Hold'em No Limit ($0.05/$0.10 USD) - 2021/01/23 18:16:55 ET
Table 'Odysseus III' 6-max Seat #5 is the button
Seat 3: Bursitet ($19.10 in chips) 
Seat 4: Danut Stoica ($23.50 in chips) 
Seat 5: vilemo20 ($14.44 in chips) 
Seat 6: ojeriza ($19.76 in chips) 
ojeriza: posts small blind $0.05
Bursitet: posts big blind $0.10
*** HOLE CARDS ***
Danut Stoica: folds 
vilemo20: raises $0.15 to $0.25
0TheMouse0 is disconnected 
ojeriza: raises $0.85 to $1.10
Bursitet: folds 
vilemo20: calls $0.85
*** FLOP *** [8h 4s Ts]
ojeriza: bets $1.65
andrew_yar leaves the table
vilemo20: raises $3.30 to $4.95
ojeriza: folds 
Uncalled bet ($3.30) returned to vilemo20
vilemo20 collected $5.35 from pot
vilemo20: doesn't show hand 
*** SUMMARY ***
Total pot $5.60 | Rake $0.25 
Board [8h 4s Ts]
Seat 3: Bursitet (big blind) folded before Flop
Seat 4: Danut Stoica folded before Flop (didn't bet)
Seat 5: vilemo20 (button) collected ($5.35)
Seat 6: ojeriza (small blind) folded on the Flop



PokerStars Hand #222977324053:  Hold'em No Limit ($0.05/$0.10 USD) - 2021/01/23 18:18:04 ET
Table 'Odysseus III' 6-max Seat #6 is the button
Seat 3: Bursitet ($19 in chips) 
Seat 4: Danut Stoica ($23.50 in chips) 
Seat 5: vilemo20 ($17.04 in chips) 
Seat 6: ojeriza ($17.01 in chips) 
Bursitet: posts small blind $0.05
Danut Stoica: posts big blind $0.10
*** HOLE CARDS ***
vilemo20: folds 
ojeriza: raises $0.16 to $0.26
Bursitet: folds 
Danut Stoica: folds 
Uncalled bet ($0.16) returned to ojeriza
ojeriza collected $0.25 from pot
ojeriza: doesn't show hand 
*** SUMMARY ***
Total pot $0.25 | Rake $0 
Seat 3: Bursitet (small blind) folded before Flop
Seat 4: Danut Stoica (big blind) folded before Flop
Seat 5: vilemo20 folded before Flop (didn't bet)
Seat 6: ojeriza (button) collected ($0.25)



PokerStars Hand #222977333991:  Hold'em No Limit ($0.05/$0.10 USD) - 2021/01/23 18:18:18 ET
Table 'Odysseus III' 6-max Seat #3 is the button
Seat 3: Bursitet ($18.95 in chips) 
Seat 4: Danut Stoica ($23.40 in chips) 
Seat 5: vilemo20 ($17.04 in chips) 
Seat 6: ojeriza ($17.16 in chips) 
Danut Stoica: posts small blind $0.05
vilemo20: posts big blind $0.10
0TheMouse0: sits out 
*** HOLE CARDS ***
ojeriza: folds 
Bursitet: raises $0.22 to $0.32
Danut Stoica: folds 
vilemo20: folds 
Uncalled bet ($0.22) returned to Bursitet
Bursitet collected $0.25 from pot
Bursitet: doesn't show hand 
*** SUMMARY ***
Total pot $0.25 | Rake $0 
Seat 3: Bursitet (button) collected ($0.25)
Seat 4: Danut Stoica (small blind) folded before Flop
Seat 5: vilemo20 (big blind) folded before Flop
Seat 6: ojeriza folded before Flop (didn't bet)



PokerStars Hand #222977343067:  Hold'em No Limit ($0.05/$0.10 USD) - 2021/01/23 18:18:32 ET
Table 'Odysseus III' 6-max Seat #4 is the button
Seat 3: Bursitet ($19.10 in chips) 
Seat 4: Danut Stoica ($23.35 in chips) 
Seat 5: vilemo20 ($16.94 in chips) 
Seat 6: ojeriza ($17.16 in chips) 
vilemo20: posts small blind $0.05
ojeriza: posts big blind $0.10
0TheMouse0 has timed out
0TheMouse0: is sitting out 
*** HOLE CARDS ***
Bursitet: raises $0.18 to $0.28
Danut Stoica: folds 
vilemo20: folds 
ojeriza: folds 
Uncalled bet ($0.18) returned to Bursitet
Bursitet collected $0.25 from pot
Bursitet: doesn't show hand 
*** SUMMARY ***
Total pot $0.25 | Rake $0 
Seat 3: Bursitet collected ($0.25)
Seat 4: Danut Stoica (button) folded before Flop (didn't bet)
Seat 5: vilemo20 (small blind) folded before Flop
Seat 6: ojeriza (big blind) folded before Flop



PokerStars Hand #222977357321:  Hold'em No Limit ($0.05/$0.10 USD) - 2021/01/23 18:18:53 ET
Table 'Odysseus III' 6-max Seat #5 is the button
Seat 3: Bursitet ($19.25 in chips) 
Seat 4: Danut Stoica ($23.35 in chips) 
Seat 5: vilemo20 ($16.89 in chips) 
Seat 6: ojeriza ($17.06 in chips) 
ojeriza: posts small blind $0.05
Bursitet: posts big blind $0.10
*** HOLE CARDS ***
Danut Stoica: raises $0.15 to $0.25
vilemo20: folds 
0TheMouse0 is disconnected 
ojeriza: folds 
Bursitet: calls $0.15
*** FLOP *** [8c 8h 8s]
Bursitet: checks 
Danut Stoica: bets $0.17
Bursitet: calls $0.17
*** TURN *** [8c 8h 8s] [Ts]
Bursitet: checks 
Danut Stoica: bets $0.27
Bursitet: calls $0.27
*** RIVER *** [8c 8h 8s Ts] [5h]
Bursitet: checks 
Danut Stoica: checks 
*** SHOW DOWN ***
Bursitet: shows [As 6s] (three of a kind, Eights)
Danut Stoica: shows [9s 9d] (a full house, Eights full of Nines)
Danut Stoica collected $1.37 from pot
0TheMouse0 was removed from the table for failing to post
0TheMouse0 leaves the table
*** SUMMARY ***
Total pot $1.43 | Rake $0.06 
Board [8c 8h 8s Ts 5h]
Seat 3: Bursitet (big blind) showed [As 6s] and lost with three of a kind, Eights
Seat 4: Danut Stoica showed [9s 9d] and won ($1.37) with a full house, Eights full of Nines
Seat 5: vilemo20 (button) folded before Flop (didn't bet)
Seat 6: ojeriza (small blind) folded before Flop



PokerStars Hand #222977383598:  Hold'em No Limit ($0.05/$0.10 USD) - 2021/01/23 18:19:32 ET
Table 'Odysseus III' 6-max Seat #6 is the button
Seat 3: Bursitet ($18.56 in chips) 
Seat 4: Danut Stoica ($24.03 in chips) 
Seat 5: vilemo20 ($16.89 in chips) 
Seat 6: ojeriza ($17.01 in chips) 
Bursitet: posts small blind $0.05
Danut Stoica: posts big blind $0.10
*** HOLE CARDS ***
vilemo20: folds 
ojeriza: folds 
Bursitet: raises $0.10 to $0.20
Danut Stoica: calls $0.10
*** FLOP *** [4h Jd 5c]
Bursitet: checks 
Danut Stoica: checks 
*** TURN *** [4h Jd 5c] [Jc]
Bursitet: checks 
Danut Stoica: checks 
*** RIVER *** [4h Jd 5c Jc] [4s]
Bursitet: checks 
Danut Stoica: checks 
*** SHOW DOWN ***
Bursitet: shows [7s Kd] (two pair, Jacks and Fours)
Danut Stoica: shows [Ac 2h] (two pair, Jacks and Fours - Ace kicker)
Danut Stoica collected $0.38 from pot
*** SUMMARY ***
Total pot $0.40 | Rake $0.02 
Board [4h Jd 5c Jc 4s]
Seat 3: Bursitet (small blind) showed [7s Kd] and lost with two pair, Jacks and Fours
Seat 4: Danut Stoica (big blind) showed [Ac 2h] and won ($0.38) with two pair, Jacks and Fours
Seat 5: vilemo20 folded before Flop (didn't bet)
Seat 6: ojeriza (button) folded before Flop (didn't bet)



PokerStars Hand #222977402109:  Hold'em No Limit ($0.05/$0.10 USD) - 2021/01/23 18:20:00 ET
Table 'Odysseus III' 6-max Seat #3 is the button
Seat 3: Bursitet ($18.36 in chips) 
Seat 4: Danut Stoica ($24.21 in chips) 
Seat 5: vilemo20 ($16.89 in chips) 
Seat 6: ojeriza ($17.01 in chips) 
Danut Stoica: posts small blind $0.05
vilemo20: posts big blind $0.10
*** HOLE CARDS ***
ojeriza: folds 
Bursitet: calls $0.10
Danut Stoica: calls $0.05
vilemo20: checks 
*** FLOP *** [Jd 3c 6c]
Danut Stoica: checks 
vilemo20: checks 
Bursitet: bets $0.21
Danut Stoica: folds 
vilemo20: folds 
Uncalled bet ($0.21) returned to Bursitet
Bursitet collected $0.29 from pot
Bursitet: doesn't show hand 
*** SUMMARY ***
Total pot $0.30 | Rake $0.01 
Board [Jd 3c 6c]
Seat 3: Bursitet (button) collected ($0.29)
Seat 4: Danut Stoica (small blind) folded on the Flop
Seat 5: vilemo20 (big blind) folded on the Flop
Seat 6: ojeriza folded before Flop (didn't bet)



PokerStars Hand #222977418086:  Hold'em No Limit ($0.05/$0.10 USD) - 2021/01/23 18:20:24 ET
Table 'Odysseus III' 6-max Seat #4 is the button
Seat 3: Bursitet ($18.55 in chips) 
Seat 4: Danut Stoica ($24.11 in chips) 
Seat 5: vilemo20 ($16.79 in chips) 
Seat 6: ojeriza ($17.01 in chips) 
vilemo20: posts small blind $0.05
ojeriza: posts big blind $0.10
*** HOLE CARDS ***
Bursitet: raises $0.22 to $0.32
Danut Stoica: folds 
xSkokEx joins the table at seat #1 
Bono 1066 joins the table at seat #2 
vilemo20: folds 
ojeriza: calls $0.22
*** FLOP *** [Ac Ts 8h]
ojeriza: checks 
Bursitet: bets $0.32
ojeriza: calls $0.32
*** TURN *** [Ac Ts 8h] [Kh]
ojeriza: checks 
Bursitet: bets $0.47
ojeriza: calls $0.47
*** RIVER *** [Ac Ts 8h Kh] [2h]
ojeriza: checks 
Bursitet: bets $1.61
ojeriza: folds 
Uncalled bet ($1.61) returned to Bursitet
Bursitet collected $2.17 from pot
Bursitet: doesn't show hand 
*** SUMMARY ***
Total pot $2.27 | Rake $0.10 
Board [Ac Ts 8h Kh 2h]
Seat 3: Bursitet collected ($2.17)
Seat 4: Danut Stoica (button) folded before Flop (didn't bet)
Seat 5: vilemo20 (small blind) folded before Flop
Seat 6: ojeriza (big blind) folded on the River



PokerStars Hand #222977442993:  Hold'em No Limit ($0.05/$0.10 USD) - 2021/01/23 18:21:01 ET
Table 'Odysseus III' 6-max Seat #5 is the button
Seat 1: xSkokEx ($10 in chips) 
Seat 2: Bono 1066 ($10 in chips) 
Seat 3: Bursitet ($19.61 in chips) 
Seat 4: Danut Stoica ($24.11 in chips) 
Seat 5: vilemo20 ($16.74 in chips) 
Seat 6: ojeriza ($15.90 in chips) 
ojeriza: posts small blind $0.05
xSkokEx: posts big blind $0.10
Bono 1066: posts big blind $0.10
*** HOLE CARDS ***
Bono 1066: checks 
Bursitet: raises $0.22 to $0.32
Danut Stoica: calls $0.32
vilemo20: folds 
ojeriza: folds 
xSkokEx: calls $0.22
Bono 1066: folds 
*** FLOP *** [5c 2s As]
xSkokEx: checks 
Bursitet: bets $0.78
Danut Stoica: calls $0.78
xSkokEx: folds 
*** TURN *** [5c 2s As] [6s]
Bursitet: bets $1.22
Danut Stoica: calls $1.22
*** RIVER *** [5c 2s As 6s] [Ks]
Bursitet: bets $2.34
Danut Stoica: folds 
Uncalled bet ($2.34) returned to Bursitet
Bursitet collected $4.88 from pot
Bursitet: doesn't show hand 
*** SUMMARY ***
Total pot $5.11 | Rake $0.23 
Board [5c 2s As 6s Ks]
Seat 1: xSkokEx (big blind) folded on the Flop
Seat 2: Bono 1066 folded before Flop (didn't bet)
Seat 3: Bursitet collected ($4.88)
Seat 4: Danut Stoica folded on the River
Seat 5: vilemo20 (button) folded before Flop (didn't bet)
Seat 6: ojeriza (small blind) folded before Flop



PokerStars Hand #222977489975:  Hold'em No Limit ($0.05/$0.10 USD) - 2021/01/23 18:22:12 ET
Table 'Odysseus III' 6-max Seat #6 is the button
Seat 1: xSkokEx ($10 in chips) 
Seat 2: Bono 1066 ($9.90 in chips) 
Seat 3: Bursitet ($22.17 in chips) 
Seat 4: Danut Stoica ($21.79 in chips) 
Seat 5: vilemo20 ($16.74 in chips) 
Seat 6: ojeriza ($15.85 in chips) 
xSkokEx: posts small blind $0.05
Bono 1066: posts big blind $0.10
*** HOLE CARDS ***
Bursitet: raises $0.22 to $0.32
Danut Stoica: calls $0.32
vilemo20: folds 
ojeriza: folds 
xSkokEx: folds 
Bono 1066: calls $0.22
*** FLOP *** [5d 9c 6d]
Bono 1066: checks 
Bursitet: checks 
Danut Stoica: checks 
*** TURN *** [5d 9c 6d] [Kc]
Bono 1066: checks 
Bursitet: bets $0.71
Danut Stoica: folds 
Bono 1066: folds 
Uncalled bet ($0.71) returned to Bursitet
Bursitet collected $0.96 from pot
Bursitet: doesn't show hand 
*** SUMMARY ***
Total pot $1.01 | Rake $0.05 
Board [5d 9c 6d Kc]
Seat 1: xSkokEx (small blind) folded before Flop
Seat 2: Bono 1066 (big blind) folded on the Turn
Seat 3: Bursitet collected ($0.96)
Seat 4: Danut Stoica folded on the Turn
Seat 5: vilemo20 folded before Flop (didn't bet)
Seat 6: ojeriza (button) folded before Flop (didn't bet)



PokerStars Hand #222977525306:  Hold'em No Limit ($0.05/$0.10 USD) - 2021/01/23 18:22:52 ET
Table 'Odysseus III' 6-max Seat #1 is the button
Seat 1: xSkokEx ($10 in chips) 
Seat 2: Bono 1066 ($9.58 in chips) 
Seat 3: Bursitet ($22.81 in chips) 
Seat 4: Danut Stoica ($21.47 in chips) 
Seat 5: vilemo20 ($16.74 in chips) 
Seat 6: ojeriza ($15.85 in chips) 
Bono 1066: posts small blind $0.05
Bursitet: posts big blind $0.10
*** HOLE CARDS ***
Danut Stoica: folds 
vilemo20: folds 
ojeriza: folds 
xSkokEx: folds 
Bono 1066: folds 
Uncalled bet ($0.05) returned to Bursitet
Bursitet collected $0.10 from pot
Bursitet: doesn't show hand 
*** SUMMARY ***
Total pot $0.10 | Rake $0 
Seat 1: xSkokEx (button) folded before Flop (didn't bet)
Seat 2: Bono 1066 (small blind) folded before Flop
Seat 3: Bursitet (big blind) collected ($0.10)
Seat 4: Danut Stoica folded before Flop (didn't bet)
Seat 5: vilemo20 folded before Flop (didn't bet)
Seat 6: ojeriza folded before Flop (didn't bet)



PokerStars Hand #222977534226:  Hold'em No Limit ($0.05/$0.10 USD) - 2021/01/23 18:23:06 ET
Table 'Odysseus III' 6-max Seat #2 is the button
Seat 1: xSkokEx ($10 in chips) 
Seat 2: Bono 1066 ($9.53 in chips) 
Seat 3: Bursitet ($22.86 in chips) 
Seat 4: Danut Stoica ($21.47 in chips) 
Seat 5: vilemo20 ($16.74 in chips) 
Seat 6: ojeriza ($15.85 in chips) 
Bursitet: posts small blind $0.05
Danut Stoica: posts big blind $0.10
*** HOLE CARDS ***
vilemo20: raises $0.20 to $0.30
ojeriza: folds 
xSkokEx: folds 
Bono 1066: folds 
Bursitet: raises $0.60 to $0.90
Danut Stoica: folds 
vilemo20: calls $0.60
*** FLOP *** [8d Ts 2h]
Bursitet: bets $1.34
vilemo20: folds 
Uncalled bet ($1.34) returned to Bursitet
Bursitet collected $1.81 from pot
Bursitet: doesn't show hand 
*** SUMMARY ***
Total pot $1.90 | Rake $0.09 
Board [8d Ts 2h]
Seat 1: xSkokEx folded before Flop (didn't bet)
Seat 2: Bono 1066 (button) folded before Flop (didn't bet)
Seat 3: Bursitet (small blind) collected ($1.81)
Seat 4: Danut Stoica (big blind) folded before Flop
Seat 5: vilemo20 folded on the Flop
Seat 6: ojeriza folded before Flop (didn't bet)



PokerStars Hand #222977550518:  Hold'em No Limit ($0.05/$0.10 USD) - 2021/01/23 18:23:31 ET
Table 'Odysseus III' 6-max Seat #3 is the button
Seat 1: xSkokEx ($10 in chips) 
Seat 2: Bono 1066 ($9.53 in chips) 
Seat 3: Bursitet ($23.77 in chips) 
Seat 4: Danut Stoica ($21.37 in chips) 
Seat 5: vilemo20 ($15.84 in chips) 
Seat 6: ojeriza ($15.85 in chips) 
Danut Stoica: posts small blind $0.05
vilemo20: posts big blind $0.10
*** HOLE CARDS ***
ojeriza: raises $0.22 to $0.32
xSkokEx: folds 
Bono 1066: folds 
Bursitet: calls $0.32
Danut Stoica: folds 
vilemo20: folds 
*** FLOP *** [Ad 3c 5c]
ojeriza: checks 
Bursitet: checks 
*** TURN *** [Ad 3c 5c] [Jd]
ojeriza: bets $0.75
Bursitet: calls $0.75
*** RIVER *** [Ad 3c 5c Jd] [7s]
ojeriza: checks 
Bursitet: bets $0.10
ojeriza: raises $0.79 to $0.89
Bursitet: folds 
Uncalled bet ($0.79) returned to ojeriza
ojeriza collected $2.38 from pot
ojeriza: doesn't show hand 
*** SUMMARY ***
Total pot $2.49 | Rake $0.11 
Board [Ad 3c 5c Jd 7s]
Seat 1: xSkokEx folded before Flop (didn't bet)
Seat 2: Bono 1066 folded before Flop (didn't bet)
Seat 3: Bursitet (button) folded on the River
Seat 4: Danut Stoica (small blind) folded before Flop
Seat 5: vilemo20 (big blind) folded before Flop
Seat 6: ojeriza collected ($2.38)



PokerStars Hand #222977574825:  Hold'em No Limit ($0.05/$0.10 USD) - 2021/01/23 18:24:08 ET
Table 'Odysseus III' 6-max Seat #4 is the button
Seat 1: xSkokEx ($10 in chips) 
Seat 2: Bono 1066 ($9.53 in chips) 
Seat 3: Bursitet ($22.60 in chips) 
Seat 4: Danut Stoica ($21.32 in chips) 
Seat 5: vilemo20 ($15.74 in chips) 
vilemo20: posts small blind $0.05
ojeriza: is sitting out 
xSkokEx: posts big blind $0.10
*** HOLE CARDS ***
Bono 1066: folds 
Bursitet: calls $0.10
Danut Stoica: folds 
vilemo20: folds 
xSkokEx: checks 
*** FLOP *** [4s 6c Kd]
xSkokEx: checks 
Bursitet: bets $0.18
xSkokEx: folds 
Uncalled bet ($0.18) returned to Bursitet
Bursitet collected $0.24 from pot
Bursitet: doesn't show hand 
*** SUMMARY ***
Total pot $0.25 | Rake $0.01 
Board [4s 6c Kd]
Seat 1: xSkokEx (big blind) folded on the Flop
Seat 2: Bono 1066 folded before Flop (didn't bet)
Seat 3: Bursitet collected ($0.24)
Seat 4: Danut Stoica (button) folded before Flop (didn't bet)
Seat 5: vilemo20 (small blind) folded before Flop



PokerStars Hand #222977586128:  Hold'em No Limit ($0.05/$0.10 USD) - 2021/01/23 18:24:25 ET
Table 'Odysseus III' 6-max Seat #5 is the button
Seat 1: xSkokEx ($10 in chips) 
Seat 2: Bono 1066 ($9.53 in chips) 
Seat 3: Bursitet ($22.74 in chips) 
Seat 4: Danut Stoica ($21.32 in chips) 
Seat 5: vilemo20 ($15.69 in chips) 
xSkokEx: posts small blind $0.05
Bono 1066: posts big blind $0.10
*** HOLE CARDS ***
ojeriza leaves the table
Bursitet: raises $0.22 to $0.32
Danut Stoica: raises $0.58 to $0.90
vilemo20: folds 
xSkokEx: folds 
Bono 1066: folds 
Bursitet: calls $0.58
*** FLOP *** [2h Jc 2c]
Bursitet: checks 
Danut Stoica: bets $0.60
Bursitet: calls $0.60
*** TURN *** [2h Jc 2c] [Tc]
Bursitet: checks 
Danut Stoica: bets $0.96
Bursitet: calls $0.96
*** RIVER *** [2h Jc 2c Tc] [5c]
Bursitet: checks 
Danut Stoica: bets $3.48
Bursitet: calls $3.48
*** SHOW DOWN ***
Danut Stoica: shows [Ts Ac] (a flush, Ace high)
Bursitet: mucks hand 
Danut Stoica collected $11.49 from pot
*** SUMMARY ***
Total pot $12.03 | Rake $0.54 
Board [2h Jc 2c Tc 5c]
Seat 1: xSkokEx (small blind) folded before Flop
Seat 2: Bono 1066 (big blind) folded before Flop
Seat 3: Bursitet mucked
Seat 4: Danut Stoica showed [Ts Ac] and won ($11.49) with a flush, Ace high
Seat 5: vilemo20 (button) folded before Flop (didn't bet)



PokerStars Hand #222977608574:  Hold'em No Limit ($0.05/$0.10 USD) - 2021/01/23 18:25:00 ET
Table 'Odysseus III' 6-max Seat #1 is the button
Seat 1: xSkokEx ($10 in chips) 
Seat 2: Bono 1066 ($9.43 in chips) 
Seat 3: Bursitet ($16.80 in chips) 
Seat 4: Danut Stoica ($26.87 in chips) 
Seat 5: vilemo20 ($15.69 in chips) 
Bono 1066: posts small blind $0.05
Bursitet: posts big blind $0.10
*** HOLE CARDS ***
Danut Stoica: raises $0.15 to $0.25
Ger Cortes joins the table at seat #6 
vilemo20: raises $0.50 to $0.75
xSkokEx: folds 
Bono 1066: folds 
Bursitet: calls $0.65
Danut Stoica: calls $0.50
*** FLOP *** [6s 4s 6c]
Bursitet: checks 
Danut Stoica: checks 
vilemo20: bets $0.85
Bursitet: calls $0.85
Danut Stoica: calls $0.85
*** TURN *** [6s 4s 6c] [2h]
Bursitet: checks 
Danut Stoica: checks 
vilemo20: bets $1.80
Bursitet: folds 
Danut Stoica: calls $1.80
*** RIVER *** [6s 4s 6c 2h] [6h]
Danut Stoica: checks 
vilemo20: checks 
*** SHOW DOWN ***
Danut Stoica: shows [Js As] (three of a kind, Sixes)
vilemo20: shows [Jc Jd] (a full house, Sixes full of Jacks)
vilemo20 collected $8.07 from pot
*** SUMMARY ***
Total pot $8.45 | Rake $0.38 
Board [6s 4s 6c 2h 6h]
Seat 1: xSkokEx (button) folded before Flop (didn't bet)
Seat 2: Bono 1066 (small blind) folded before Flop
Seat 3: Bursitet (big blind) folded on the Turn
Seat 4: Danut Stoica showed [Js As] and lost with three of a kind, Sixes
Seat 5: vilemo20 showed [Jc Jd] and won ($8.07) with a full house, Sixes full of Jacks



PokerStars Hand #222977657201:  Hold'em No Limit ($0.05/$0.10 USD) - 2021/01/23 18:26:14 ET
Table 'Odysseus III' 6-max Seat #2 is the button
Seat 1: xSkokEx ($10 in chips) 
Seat 2: Bono 1066 ($9.38 in chips) 
Seat 3: Bursitet ($15.20 in chips) 
Seat 4: Danut Stoica ($23.47 in chips) 
Seat 5: vilemo20 ($20.36 in chips) 
Bursitet: posts small blind $0.05
Danut Stoica: posts big blind $0.10
Ger Cortes: sits out 
*** HOLE CARDS ***
vilemo20: folds 
xSkokEx: folds 
Bono 1066: folds 
Bursitet: calls $0.05
Danut Stoica: checks 
*** FLOP *** [Ad Jc 2c]
Bursitet: checks 
Danut Stoica: checks 
*** TURN *** [Ad Jc 2c] [Qs]
Bursitet: checks 
Danut Stoica: checks 
*** RIVER *** [Ad Jc 2c Qs] [5c]
Bursitet: checks 
Danut Stoica: checks 
*** SHOW DOWN ***
Bursitet: shows [8h 4h] (high card Ace)
Danut Stoica: shows [5s 9h] (a pair of Fives)
Danut Stoica collected $0.19 from pot
*** SUMMARY ***
Total pot $0.20 | Rake $0.01 
Board [Ad Jc 2c Qs 5c]
Seat 1: xSkokEx folded before Flop (didn't bet)
Seat 2: Bono 1066 (button) folded before Flop (didn't bet)
Seat 3: Bursitet (small blind) showed [8h 4h] and lost with high card Ace
Seat 4: Danut Stoica (big blind) showed [5s 9h] and won ($0.19) with a pair of Fives
Seat 5: vilemo20 folded before Flop (didn't bet)



PokerStars Hand #222977680388:  Hold'em No Limit ($0.05/$0.10 USD) - 2021/01/23 18:26:49 ET
Table 'Odysseus III' 6-max Seat #3 is the button
Seat 1: xSkokEx ($10 in chips) 
Seat 2: Bono 1066 ($9.38 in chips) 
Seat 3: Bursitet ($15.10 in chips) 
Seat 4: Danut Stoica ($23.56 in chips) 
Seat 5: vilemo20 ($20.36 in chips) 
Danut Stoica: posts small blind $0.05
vilemo20: posts big blind $0.10
Ger Cortes: sits out 
*** HOLE CARDS ***
xSkokEx: folds 
Bono 1066: raises $0.10 to $0.20
Bursitet: calls $0.20
Danut Stoica: folds 
vilemo20: folds 
*** FLOP *** [5d 3d 8s]
Bono 1066: checks 
Bursitet: bets $0.39
Bono 1066: folds 
Uncalled bet ($0.39) returned to Bursitet
Bursitet collected $0.53 from pot
Bursitet: doesn't show hand 
*** SUMMARY ***
Total pot $0.55 | Rake $0.02 
Board [5d 3d 8s]
Seat 1: xSkokEx folded before Flop (didn't bet)
Seat 2: Bono 1066 folded on the Flop
Seat 3: Bursitet (button) collected ($0.53)
Seat 4: Danut Stoica (small blind) folded before Flop
Seat 5: vilemo20 (big blind) folded before Flop



PokerStars Hand #222977711793:  Hold'em No Limit ($0.05/$0.10 USD) - 2021/01/23 18:27:37 ET
Table 'Odysseus III' 6-max Seat #4 is the button
Seat 1: xSkokEx ($10 in chips) 
Seat 2: Bono 1066 ($9.18 in chips) 
Seat 3: Bursitet ($15.43 in chips) 
Seat 4: Danut Stoica ($23.51 in chips) 
Seat 5: vilemo20 ($20.26 in chips) 
Seat 6: Ger Cortes ($10 in chips) 
vilemo20: posts small blind $0.05
Ger Cortes: posts big blind $0.10
*** HOLE CARDS ***
xSkokEx: folds 
Bono 1066: folds 
Bursitet: raises $0.22 to $0.32
Danut Stoica: raises $0.58 to $0.90
vilemo20: folds 
Ger Cortes: folds 
Bursitet: calls $0.58
*** FLOP *** [6c 5s Ad]
Bursitet: checks 
Danut Stoica: checks 
*** TURN *** [6c 5s Ad] [9d]
Bursitet: bets $1.38
Danut Stoica: folds 
Uncalled bet ($1.38) returned to Bursitet
Bursitet collected $1.86 from pot
Bursitet: doesn't show hand 
*** SUMMARY ***
Total pot $1.95 | Rake $0.09 
Board [6c 5s Ad 9d]
Seat 1: xSkokEx folded before Flop (didn't bet)
Seat 2: Bono 1066 folded before Flop (didn't bet)
Seat 3: Bursitet collected ($1.86)
Seat 4: Danut Stoica (button) folded on the Turn
Seat 5: vilemo20 (small blind) folded before Flop
Seat 6: Ger Cortes (big blind) folded before Flop



PokerStars Hand #222977732126:  Hold'em No Limit ($0.05/$0.10 USD) - 2021/01/23 18:28:08 ET
Table 'Odysseus III' 6-max Seat #5 is the button
Seat 1: xSkokEx ($10 in chips) 
Seat 2: Bono 1066 ($9.18 in chips) 
Seat 3: Bursitet ($16.39 in chips) 
Seat 4: Danut Stoica ($22.61 in chips) 
Seat 5: vilemo20 ($20.21 in chips) 
Seat 6: Ger Cortes ($10 in chips) 
Ger Cortes: posts small blind $0.05
xSkokEx: posts big blind $0.10
*** HOLE CARDS ***
Bono 1066: folds 
Bursitet: folds 
Danut Stoica: folds 
vilemo20: folds 
Ger Cortes: folds 
Uncalled bet ($0.05) returned to xSkokEx
xSkokEx collected $0.10 from pot
xSkokEx: doesn't show hand 
*** SUMMARY ***
Total pot $0.10 | Rake $0 
Seat 1: xSkokEx (big blind) collected ($0.10)
Seat 2: Bono 1066 folded before Flop (didn't bet)
Seat 3: Bursitet folded before Flop (didn't bet)
Seat 4: Danut Stoica folded before Flop (didn't bet)
Seat 5: vilemo20 (button) folded before Flop (didn't bet)
Seat 6: Ger Cortes (small blind) folded before Flop



PokerStars Hand #222977742575:  Hold'em No Limit ($0.05/$0.10 USD) - 2021/01/23 18:28:24 ET
Table 'Odysseus III' 6-max Seat #6 is the button
Seat 1: xSkokEx ($10.05 in chips) 
Seat 2: Bono 1066 ($9.18 in chips) 
Seat 3: Bursitet ($16.39 in chips) 
Seat 4: Danut Stoica ($22.61 in chips) 
Seat 5: vilemo20 ($20.21 in chips) 
Seat 6: Ger Cortes ($10 in chips) 
xSkokEx: posts small blind $0.05
Bono 1066: posts big blind $0.10
*** HOLE CARDS ***
Bursitet: raises $0.22 to $0.32
Danut Stoica: folds 
vilemo20: folds 
Ger Cortes: folds 
xSkokEx: folds 
Bono 1066: folds 
Uncalled bet ($0.22) returned to Bursitet
Bursitet collected $0.25 from pot
Bursitet: doesn't show hand 
*** SUMMARY ***
Total pot $0.25 | Rake $0 
Seat 1: xSkokEx (small blind) folded before Flop
Seat 2: Bono 1066 (big blind) folded before Flop
Seat 3: Bursitet collected ($0.25)
Seat 4: Danut Stoica folded before Flop (didn't bet)
Seat 5: vilemo20 folded before Flop (didn't bet)
Seat 6: Ger Cortes (button) folded before Flop (didn't bet)



PokerStars Hand #222977751451:  Hold'em No Limit ($0.05/$0.10 USD) - 2021/01/23 18:28:38 ET
Table 'Odysseus III' 6-max Seat #1 is the button
Seat 1: xSkokEx ($10 in chips) 
Seat 2: Bono 1066 ($9.08 in chips) 
Seat 3: Bursitet ($16.54 in chips) 
Seat 4: Danut Stoica ($22.61 in chips) 
Seat 5: vilemo20 ($20.21 in chips) 
Seat 6: Ger Cortes ($10 in chips) 
Bono 1066: posts small blind $0.05
Bursitet: posts big blind $0.10
*** HOLE CARDS ***
Danut Stoica: raises $0.15 to $0.25
vilemo20: folds 
Ger Cortes: folds 
xSkokEx: folds 
Bono 1066: folds 
Bursitet: calls $0.15
*** FLOP *** [Kd 8s 4s]
Bursitet: checks 
Danut Stoica: checks 
*** TURN *** [Kd 8s 4s] [2h]
Bursitet: checks 
Danut Stoica: bets $0.17
Bursitet: calls $0.17
*** RIVER *** [Kd 8s 4s 2h] [Qh]
Bursitet: checks 
Danut Stoica: checks 
*** SHOW DOWN ***
Bursitet: shows [Qc Td] (a pair of Queens)
Danut Stoica: mucks hand 
Bursitet collected $0.85 from pot
*** SUMMARY ***
Total pot $0.89 | Rake $0.04 
Board [Kd 8s 4s 2h Qh]
Seat 1: xSkokEx (button) folded before Flop (didn't bet)
Seat 2: Bono 1066 (small blind) folded before Flop
Seat 3: Bursitet (big blind) showed [Qc Td] and won ($0.85) with a pair of Queens
Seat 4: Danut Stoica mucked
Seat 5: vilemo20 folded before Flop (didn't bet)
Seat 6: Ger Cortes folded before Flop (didn't bet)



PokerStars Hand #222977766855:  Hold'em No Limit ($0.05/$0.10 USD) - 2021/01/23 18:29:02 ET
Table 'Odysseus III' 6-max Seat #2 is the button
Seat 1: xSkokEx ($10 in chips) 
Seat 2: Bono 1066 ($9.03 in chips) 
Seat 3: Bursitet ($16.97 in chips) 
Seat 4: Danut Stoica ($22.19 in chips) 
Seat 5: vilemo20 ($20.21 in chips) 
Seat 6: Ger Cortes ($10 in chips) 
Bursitet: posts small blind $0.05
Danut Stoica: posts big blind $0.10
*** HOLE CARDS ***
vilemo20: folds 
Ger Cortes: raises $0.15 to $0.25
xSkokEx: folds 
Bono 1066: folds 
Bursitet: calls $0.20
Danut Stoica: folds 
*** FLOP *** [9s 5d 2d]
Bursitet: bets $0.42
Ger Cortes: folds 
Uncalled bet ($0.42) returned to Bursitet
Bursitet collected $0.57 from pot
Bursitet: doesn't show hand 
*** SUMMARY ***
Total pot $0.60 | Rake $0.03 
Board [9s 5d 2d]
Seat 1: xSkokEx folded before Flop (didn't bet)
Seat 2: Bono 1066 (button) folded before Flop (didn't bet)
Seat 3: Bursitet (small blind) collected ($0.57)
Seat 4: Danut Stoica (big blind) folded before Flop
Seat 5: vilemo20 folded before Flop (didn't bet)
Seat 6: Ger Cortes folded on the Flop



PokerStars Hand #222977781582:  Hold'em No Limit ($0.05/$0.10 USD) - 2021/01/23 18:29:24 ET
Table 'Odysseus III' 6-max Seat #3 is the button
Seat 1: xSkokEx ($10 in chips) 
Seat 2: Bono 1066 ($9.03 in chips) 
Seat 3: Bursitet ($17.29 in chips) 
Seat 4: Danut Stoica ($22.09 in chips) 
Seat 5: vilemo20 ($20.21 in chips) 
Seat 6: Ger Cortes ($10 in chips) 
Danut Stoica: posts small blind $0.05
vilemo20: posts big blind $0.10
*** HOLE CARDS ***
Ger Cortes: folds 
xSkokEx: raises $0.15 to $0.25
Bono 1066: calls $0.25
Bursitet: calls $0.25
Danut Stoica: folds 
vilemo20: calls $0.15
*** FLOP *** [2h Ks 5c]
vilemo20: checks 
xSkokEx: checks 
Bono 1066: checks 
Bursitet: bets $0.48
vilemo20: folds 
xSkokEx: folds 
Bono 1066: calls $0.48
*** TURN *** [2h Ks 5c] [2s]
Bono 1066: checks 
Bursitet: bets $0.92
Bono 1066: calls $0.92
*** RIVER *** [2h Ks 5c 2s] [Ts]
Bono 1066: checks 
Bursitet: bets $2.72
Bono 1066: calls $2.72
*** SHOW DOWN ***
Bursitet: shows [9h 4h] (a pair of Deuces)
Bono 1066: shows [Kc Jc] (two pair, Kings and Deuces)
Bono 1066 collected $8.87 from pot
*** SUMMARY ***
Total pot $9.29 | Rake $0.42 
Board [2h Ks 5c 2s Ts]
Seat 1: xSkokEx folded on the Flop
Seat 2: Bono 1066 showed [Kc Jc] and won ($8.87) with two pair, Kings and Deuces
Seat 3: Bursitet (button) showed [9h 4h] and lost with a pair of Deuces
Seat 4: Danut Stoica (small blind) folded before Flop
Seat 5: vilemo20 (big blind) folded on the Flop
Seat 6: Ger Cortes folded before Flop (didn't bet)



PokerStars Hand #222977823294:  Hold'em No Limit ($0.05/$0.10 USD) - 2021/01/23 18:30:28 ET
Table 'Odysseus III' 6-max Seat #4 is the button
Seat 1: xSkokEx ($10 in chips) 
Seat 2: Bono 1066 ($13.53 in chips) 
Seat 3: Bursitet ($12.92 in chips) 
Seat 4: Danut Stoica ($22.04 in chips) 
Seat 5: vilemo20 ($19.96 in chips) 
Seat 6: Ger Cortes ($10 in chips) 
vilemo20: posts small blind $0.05
Ger Cortes: posts big blind $0.10
*** HOLE CARDS ***
xSkokEx: folds 
Bono 1066: folds 
Bursitet: folds 
Danut Stoica: raises $0.15 to $0.25
vilemo20: folds 
Ger Cortes: calls $0.15
*** FLOP *** [2h 4h 9h]
Ger Cortes: checks 
Danut Stoica: checks 
*** TURN *** [2h 4h 9h] [Js]
Ger Cortes: bets $0.30
Danut Stoica: folds 
Uncalled bet ($0.30) returned to Ger Cortes
Ger Cortes collected $0.53 from pot
*** SUMMARY ***
Total pot $0.55 | Rake $0.02 
Board [2h 4h 9h Js]
Seat 1: xSkokEx folded before Flop (didn't bet)
Seat 2: Bono 1066 folded before Flop (didn't bet)
Seat 3: Bursitet folded before Flop (didn't bet)
Seat 4: Danut Stoica (button) folded on the Turn
Seat 5: vilemo20 (small blind) folded before Flop
Seat 6: Ger Cortes (big blind) collected ($0.53)



PokerStars Hand #222977846575:  Hold'em No Limit ($0.05/$0.10 USD) - 2021/01/23 18:31:04 ET
Table 'Odysseus III' 6-max Seat #5 is the button
Seat 1: xSkokEx ($10 in chips) 
Seat 2: Bono 1066 ($13.53 in chips) 
Seat 3: Bursitet ($12.92 in chips) 
Seat 4: Danut Stoica ($21.79 in chips) 
Seat 5: vilemo20 ($19.91 in chips) 
Seat 6: Ger Cortes ($10.28 in chips) 
Ger Cortes: posts small blind $0.05
xSkokEx: posts big blind $0.10
*** HOLE CARDS ***
Bono 1066: folds 
Bursitet: raises $0.10 to $0.20
Danut Stoica: folds 
vilemo20: folds 
Ger Cortes: folds 
xSkokEx: folds 
Uncalled bet ($0.10) returned to Bursitet
Bursitet collected $0.25 from pot
Bursitet: doesn't show hand 
*** SUMMARY ***
Total pot $0.25 | Rake $0 
Seat 1: xSkokEx (big blind) folded before Flop
Seat 2: Bono 1066 folded before Flop (didn't bet)
Seat 3: Bursitet collected ($0.25)
Seat 4: Danut Stoica folded before Flop (didn't bet)
Seat 5: vilemo20 (button) folded before Flop (didn't bet)
Seat 6: Ger Cortes (small blind) folded before Flop



PokerStars Hand #222977858621:  Hold'em No Limit ($0.05/$0.10 USD) - 2021/01/23 18:31:23 ET
Table 'Odysseus III' 6-max Seat #6 is the button
Seat 1: xSkokEx ($10 in chips) 
Seat 2: Bono 1066 ($13.53 in chips) 
Seat 3: Bursitet ($13.07 in chips) 
Seat 4: Danut Stoica ($21.79 in chips) 
Seat 5: vilemo20 ($19.91 in chips) 
Seat 6: Ger Cortes ($10.23 in chips) 
xSkokEx: posts small blind $0.05
Bono 1066: posts big blind $0.10
*** HOLE CARDS ***
Bursitet: raises $0.22 to $0.32
Danut Stoica: folds 
vilemo20: folds 
Ger Cortes: folds 
xSkokEx has timed out
xSkokEx: folds 
Bono 1066: calls $0.22
*** FLOP *** [5s Kc 2c]
Bono 1066: checks 
Bursitet: checks 
*** TURN *** [5s Kc 2c] [Th]
Bono 1066: checks 
Bursitet: bets $0.49
Bono 1066: calls $0.49
*** RIVER *** [5s Kc 2c Th] [3s]
Bono 1066: checks 
Bursitet: bets $1.18
Bono 1066: calls $1.18
*** SHOW DOWN ***
Bursitet: shows [Ts Ah] (a pair of Tens)
Bono 1066: shows [8s Ks] (a pair of Kings)
Bono 1066 collected $3.85 from pot
*** SUMMARY ***
Total pot $4.03 | Rake $0.18 
Board [5s Kc 2c Th 3s]
Seat 1: xSkokEx (small blind) folded before Flop
Seat 2: Bono 1066 (big blind) showed [8s Ks] and won ($3.85) with a pair of Kings
Seat 3: Bursitet showed [Ts Ah] and lost with a pair of Tens
Seat 4: Danut Stoica folded before Flop (didn't bet)
Seat 5: vilemo20 folded before Flop (didn't bet)
Seat 6: Ger Cortes (button) folded before Flop (didn't bet)



PokerStars Hand #222977904913:  Hold'em No Limit ($0.05/$0.10 USD) - 2021/01/23 18:32:33 ET
Table 'Odysseus III' 6-max Seat #1 is the button
Seat 1: xSkokEx ($10 in chips) 
Seat 2: Bono 1066 ($15.39 in chips) 
Seat 3: Bursitet ($11.08 in chips) 
Seat 4: Danut Stoica ($21.79 in chips) 
Seat 5: vilemo20 ($19.91 in chips) 
Seat 6: Ger Cortes ($10.23 in chips) 
Bono 1066: posts small blind $0.05
Bursitet: posts big blind $0.10
*** HOLE CARDS ***
Danut Stoica: raises $0.15 to $0.25
vilemo20: folds 
Ger Cortes: folds 
xSkokEx: folds 
Bono 1066: calls $0.20
Bursitet: calls $0.15
*** FLOP *** [7s 7d Th]
Bono 1066: checks 
Bursitet: checks 
Danut Stoica: checks 
*** TURN *** [7s 7d Th] [As]
Bono 1066: checks 
Bursitet: checks 
Danut Stoica: checks 
*** RIVER *** [7s 7d Th As] [6h]
Bono 1066: bets $0.36
Bursitet: folds 
Danut Stoica: folds 
Uncalled bet ($0.36) returned to Bono 1066
Bono 1066 collected $0.72 from pot
Bono 1066: doesn't show hand 
*** SUMMARY ***
Total pot $0.75 | Rake $0.03 
Board [7s 7d Th As 6h]
Seat 1: xSkokEx (button) folded before Flop (didn't bet)
Seat 2: Bono 1066 (small blind) collected ($0.72)
Seat 3: Bursitet (big blind) folded on the River
Seat 4: Danut Stoica folded on the River
Seat 5: vilemo20 folded before Flop (didn't bet)
Seat 6: Ger Cortes folded before Flop (didn't bet)



PokerStars Hand #222977933292:  Hold'em No Limit ($0.05/$0.10 USD) - 2021/01/23 18:33:16 ET
Table 'Odysseus III' 6-max Seat #2 is the button
Seat 1: xSkokEx ($10 in chips) 
Seat 2: Bono 1066 ($15.86 in chips) 
Seat 3: Bursitet ($10.83 in chips) 
Seat 4: Danut Stoica ($21.54 in chips) 
Seat 5: vilemo20 ($19.91 in chips) 
Seat 6: Ger Cortes ($10.23 in chips) 
Bursitet: posts small blind $0.05
Danut Stoica: posts big blind $0.10
*** HOLE CARDS ***
vilemo20: folds 
Ger Cortes: folds 
vilemo20 leaves the table
xSkokEx: folds 
Bono 1066: folds 
Bursitet: calls $0.05
Danut Stoica: checks 
*** FLOP *** [Qs Ah As]
Bursitet: checks 
Danut Stoica: checks 
*** TURN *** [Qs Ah As] [Ts]
Bursitet: checks 
Danut Stoica: bets $0.14
Bursitet: calls $0.14
*** RIVER *** [Qs Ah As Ts] [9d]
Bursitet: checks 
Danut Stoica: bets $0.24
Bursitet: calls $0.24
*** SHOW DOWN ***
Danut Stoica: shows [Qh 5s] (two pair, Aces and Queens)
Bursitet: mucks hand 
Danut Stoica collected $0.92 from pot
*** SUMMARY ***
Total pot $0.96 | Rake $0.04 
Board [Qs Ah As Ts 9d]
Seat 1: xSkokEx folded before Flop (didn't bet)
Seat 2: Bono 1066 (button) folded before Flop (didn't bet)
Seat 3: Bursitet (small blind) mucked
Seat 4: Danut Stoica (big blind) showed [Qh 5s] and won ($0.92) with two pair, Aces and Queens
Seat 5: vilemo20 folded before Flop (didn't bet)
Seat 6: Ger Cortes folded before Flop (didn't bet)



PokerStars Hand #222977948111:  Hold'em No Limit ($0.05/$0.10 USD) - 2021/01/23 18:33:39 ET
Table 'Odysseus III' 6-max Seat #3 is the button
Seat 1: xSkokEx ($10 in chips) 
Seat 2: Bono 1066 ($15.86 in chips) 
Seat 3: Bursitet ($10.35 in chips) 
Seat 4: Danut Stoica ($21.98 in chips) 
Seat 6: Ger Cortes ($10.23 in chips) 
Danut Stoica: posts small blind $0.05
Ger Cortes: posts big blind $0.10
*** HOLE CARDS ***
xSkokEx: raises $0.15 to $0.25
Bono 1066: folds 
Bursitet: calls $0.25
Manx Darrell joins the table at seat #5 
Danut Stoica: folds 
Ger Cortes: raises $1.15 to $1.40
xSkokEx: folds 
Bursitet: calls $1.15
*** FLOP *** [8s Js 4h]
Ger Cortes: bets $2.30
Bursitet: calls $2.30
*** TURN *** [8s Js 4h] [5c]
Manx Darrell leaves the table
Ger Cortes: bets $6.53 and is all-in
Bursitet: folds 
Uncalled bet ($6.53) returned to Ger Cortes
Ger Cortes collected $7.35 from pot
*** SUMMARY ***
Total pot $7.70 | Rake $0.35 
Board [8s Js 4h 5c]
Seat 1: xSkokEx folded before Flop
Seat 2: Bono 1066 folded before Flop (didn't bet)
Seat 3: Bursitet (button) folded on the Turn
Seat 4: Danut Stoica (small blind) folded before Flop
Seat 6: Ger Cortes (big blind) collected ($7.35)



PokerStars Hand #222977994412:  Hold'em No Limit ($0.05/$0.10 USD) - 2021/01/23 18:34:50 ET
Table 'Odysseus III' 6-max Seat #4 is the button
Seat 1: xSkokEx ($10 in chips) 
Seat 2: Bono 1066 ($15.86 in chips) 
Seat 3: Bursitet ($6.65 in chips) 
Seat 4: Danut Stoica ($21.93 in chips) 
Seat 6: Ger Cortes ($13.88 in chips) 
Ger Cortes: posts small blind $0.05
xSkokEx: posts big blind $0.10
*** HOLE CARDS ***
Bono 1066: folds 
Bursitet: folds 
Danut Stoica: folds 
Ger Cortes: folds 
Uncalled bet ($0.05) returned to xSkokEx
xSkokEx collected $0.10 from pot
xSkokEx: doesn't show hand 
*** SUMMARY ***
Total pot $0.10 | Rake $0 
Seat 1: xSkokEx (big blind) collected ($0.10)
Seat 2: Bono 1066 folded before Flop (didn't bet)
Seat 3: Bursitet folded before Flop (didn't bet)
Seat 4: Danut Stoica (button) folded before Flop (didn't bet)
Seat 6: Ger Cortes (small blind) folded before Flop



PokerStars Hand #222978000969:  Hold'em No Limit ($0.05/$0.10 USD) - 2021/01/23 18:35:00 ET
Table 'Odysseus III' 6-max Seat #6 is the button
Seat 1: xSkokEx ($10.05 in chips) 
Seat 2: Bono 1066 ($15.86 in chips) 
Seat 3: Bursitet ($6.65 in chips) 
Seat 4: Danut Stoica ($21.93 in chips) 
Seat 6: Ger Cortes ($13.83 in chips) 
xSkokEx: posts small blind $0.05
Bono 1066: posts big blind $0.10
*** HOLE CARDS ***
Bursitet: raises $0.10 to $0.20
Danut Stoica: folds 
Ger Cortes: folds 
xSkokEx: calls $0.15
Bono 1066: folds 
*** FLOP *** [4d 9c 3d]
xSkokEx: checks 
Bursitet: bets $0.36
xSkokEx: folds 
Uncalled bet ($0.36) returned to Bursitet
Bursitet collected $0.48 from pot
Bursitet: doesn't show hand 
*** SUMMARY ***
Total pot $0.50 | Rake $0.02 
Board [4d 9c 3d]
Seat 1: xSkokEx (small blind) folded on the Flop
Seat 2: Bono 1066 (big blind) folded before Flop
Seat 3: Bursitet collected ($0.48)
Seat 4: Danut Stoica folded before Flop (didn't bet)
Seat 6: Ger Cortes (button) folded before Flop (didn't bet)



PokerStars Hand #222978013778:  Hold'em No Limit ($0.05/$0.10 USD) - 2021/01/23 18:35:19 ET
Table 'Odysseus III' 6-max Seat #1 is the button
Seat 1: xSkokEx ($10 in chips) 
Seat 2: Bono 1066 ($15.76 in chips) 
Seat 3: Bursitet ($6.93 in chips) 
Seat 4: Danut Stoica ($21.93 in chips) 
Seat 6: Ger Cortes ($13.83 in chips) 
Bono 1066: posts small blind $0.05
Bursitet: posts big blind $0.10
*** HOLE CARDS ***
Danut Stoica: folds 
Ger Cortes: folds 
xSkokEx: raises $0.20 to $0.30
Bono 1066: folds 
Bursitet: calls $0.20
*** FLOP *** [As 7c Ah]
Bursitet: checks 
xSkokEx: checks 
*** TURN *** [As 7c Ah] [6s]
Bursitet: bets $0.46
xSkokEx: calls $0.46
*** RIVER *** [As 7c Ah 6s] [Jc]
Bursitet: bets $1.11
xSkokEx: calls $1.11
*** SHOW DOWN ***
Bursitet: shows [5h Kd] (a pair of Aces)
xSkokEx: shows [Kc Kh] (two pair, Aces and Kings)
xSkokEx collected $3.62 from pot
*** SUMMARY ***
Total pot $3.79 | Rake $0.17 
Board [As 7c Ah 6s Jc]
Seat 1: xSkokEx (button) showed [Kc Kh] and won ($3.62) with two pair, Aces and Kings
Seat 2: Bono 1066 (small blind) folded before Flop
Seat 3: Bursitet (big blind) showed [5h Kd] and lost with a pair of Aces
Seat 4: Danut Stoica folded before Flop (didn't bet)
Seat 6: Ger Cortes folded before Flop (didn't bet)



PokerStars Hand #222978032187:  Hold'em No Limit ($0.05/$0.10 USD) - 2021/01/23 18:35:48 ET
Table 'Odysseus III' 6-max Seat #2 is the button
Seat 1: xSkokEx ($11.75 in chips) 
Seat 2: Bono 1066 ($15.71 in chips) 
Seat 3: Bursitet ($5.06 in chips) 
Seat 4: Danut Stoica ($21.93 in chips) 
Seat 6: Ger Cortes ($13.83 in chips) 
Bursitet: posts small blind $0.05
Danut Stoica: posts big blind $0.10
*** HOLE CARDS ***
Ger Cortes: folds 
xSkokEx: raises $0.15 to $0.25
Bono 1066: folds 
Bursitet: calls $0.20
Danut Stoica: calls $0.15
*** FLOP *** [Kh 6c 9h]
Bursitet: checks 
Danut Stoica: checks 
xSkokEx: bets $0.24
Bursitet: calls $0.24
Danut Stoica: calls $0.24
*** TURN *** [Kh 6c 9h] [Qs]
Bursitet: checks 
Danut Stoica: checks 
xSkokEx: checks 
*** RIVER *** [Kh 6c 9h Qs] [8s]
Bursitet: checks 
Danut Stoica: bets $2
xSkokEx: folds 
Bursitet: folds 
Uncalled bet ($2) returned to Danut Stoica
Danut Stoica collected $1.40 from pot
Danut Stoica: doesn't show hand 
*** SUMMARY ***
Total pot $1.47 | Rake $0.07 
Board [Kh 6c 9h Qs 8s]
Seat 1: xSkokEx folded on the River
Seat 2: Bono 1066 (button) folded before Flop (didn't bet)
Seat 3: Bursitet (small blind) folded on the River
Seat 4: Danut Stoica (big blind) collected ($1.40)
Seat 6: Ger Cortes folded before Flop (didn't bet)



PokerStars Hand #222978058764:  Hold'em No Limit ($0.05/$0.10 USD) - 2021/01/23 18:36:28 ET
Table 'Odysseus III' 6-max Seat #3 is the button
Seat 1: xSkokEx ($11.26 in chips) 
Seat 2: Bono 1066 ($15.71 in chips) 
Seat 3: Bursitet ($4.57 in chips) 
Seat 4: Danut Stoica ($22.84 in chips) 
Seat 6: Ger Cortes ($13.83 in chips) 
Danut Stoica: posts small blind $0.05
Ger Cortes: posts big blind $0.10
*** HOLE CARDS ***
xSkokEx: folds 
bgftr joins the table at seat #5 
Bono 1066: folds 
Bursitet: calls $0.10
Danut Stoica: folds 
Ger Cortes: checks 
*** FLOP *** [2d Ad 8d]
Ger Cortes: checks 
Bursitet: checks 
*** TURN *** [2d Ad 8d] [7s]
Ger Cortes: checks 
Bursitet: checks 
*** RIVER *** [2d Ad 8d 7s] [3c]
Ger Cortes: bets $0.10
Bursitet: calls $0.10
*** SHOW DOWN ***
Ger Cortes: shows [7h Qd] (a pair of Sevens)
Bursitet: shows [Kh 8h] (a pair of Eights)
Bursitet collected $0.43 from pot
*** SUMMARY ***
Total pot $0.45 | Rake $0.02 
Board [2d Ad 8d 7s 3c]
Seat 1: xSkokEx folded before Flop (didn't bet)
Seat 2: Bono 1066 folded before Flop (didn't bet)
Seat 3: Bursitet (button) showed [Kh 8h] and won ($0.43) with a pair of Eights
Seat 4: Danut Stoica (small blind) folded before Flop
Seat 6: Ger Cortes (big blind) showed [7h Qd] and lost with a pair of Sevens



PokerStars Hand #222978083413:  Hold'em No Limit ($0.05/$0.10 USD) - 2021/01/23 18:37:07 ET
Table 'Odysseus III' 6-max Seat #4 is the button
Seat 1: xSkokEx ($11.26 in chips) 
Seat 2: Bono 1066 ($15.71 in chips) 
Seat 3: Bursitet ($4.80 in chips) 
Seat 4: Danut Stoica ($22.79 in chips) 
Seat 6: Ger Cortes ($13.63 in chips) 
Ger Cortes: posts small blind $0.05
xSkokEx: posts big blind $0.10
*** HOLE CARDS ***
Bono 1066: calls $0.10
Bursitet: folds 
Danut Stoica: folds 
Ger Cortes: calls $0.05
xSkokEx: checks 
*** FLOP *** [6s 7h 5h]
Ger Cortes: checks 
xSkokEx: checks 
Bono 1066: checks 
*** TURN *** [6s 7h 5h] [7d]
Ger Cortes: checks 
xSkokEx: bets $0.19
Bono 1066: folds 
Ger Cortes: folds 
Uncalled bet ($0.19) returned to xSkokEx
xSkokEx collected $0.29 from pot
xSkokEx: doesn't show hand 
*** SUMMARY ***
Total pot $0.30 | Rake $0.01 
Board [6s 7h 5h 7d]
Seat 1: xSkokEx (big blind) collected ($0.29)
Seat 2: Bono 1066 folded on the Turn
Seat 3: Bursitet folded before Flop (didn't bet)
Seat 4: Danut Stoica (button) folded before Flop (didn't bet)
Seat 6: Ger Cortes (small blind) folded on the Turn



PokerStars Hand #222978110661:  Hold'em No Limit ($0.05/$0.10 USD) - 2021/01/23 18:37:49 ET
Table 'Odysseus III' 6-max Seat #6 is the button
Seat 1: xSkokEx ($11.45 in chips) 
Seat 2: Bono 1066 ($15.61 in chips) 
Seat 3: Bursitet ($4.80 in chips) 
Seat 4: Danut Stoica ($22.79 in chips) 
Seat 6: Ger Cortes ($13.53 in chips) 
xSkokEx: posts small blind $0.05
Bono 1066: posts big blind $0.10
bgftr: sits out 
*** HOLE CARDS ***
Bursitet: raises $4.70 to $4.80 and is all-in
Danut Stoica: folds 
Ger Cortes: folds 
xSkokEx: folds 
Bono 1066: folds 
Uncalled bet ($4.70) returned to Bursitet
Bursitet collected $0.25 from pot
Bursitet: doesn't show hand 
*** SUMMARY ***
Total pot $0.25 | Rake $0 
Seat 1: xSkokEx (small blind) folded before Flop
Seat 2: Bono 1066 (big blind) folded before Flop
Seat 3: Bursitet collected ($0.25)
Seat 4: Danut Stoica folded before Flop (didn't bet)
Seat 6: Ger Cortes (button) folded before Flop (didn't bet)



PokerStars Hand #222978117512:  Hold'em No Limit ($0.05/$0.10 USD) - 2021/01/23 18:38:00 ET
Table 'Odysseus III' 6-max Seat #1 is the button
Seat 1: xSkokEx ($11.40 in chips) 
Seat 2: Bono 1066 ($15.51 in chips) 
Seat 3: Bursitet ($4.95 in chips) 
Seat 4: Danut Stoica ($22.79 in chips) 
Seat 6: Ger Cortes ($13.53 in chips) 
Bono 1066: posts small blind $0.05
Bursitet: posts big blind $0.10
bgftr: sits out 
*** HOLE CARDS ***
Danut Stoica: raises $0.15 to $0.25
Ger Cortes: folds 
xSkokEx: calls $0.25
Bono 1066: folds 
Bursitet: raises $4.70 to $4.95 and is all-in
Danut Stoica: folds 
xSkokEx: folds 
Uncalled bet ($4.70) returned to Bursitet
Bursitet collected $0.80 from pot
Bursitet: doesn't show hand 
*** SUMMARY ***
Total pot $0.80 | Rake $0 
Seat 1: xSkokEx (button) folded before Flop
Seat 2: Bono 1066 (small blind) folded before Flop
Seat 3: Bursitet (big blind) collected ($0.80)
Seat 4: Danut Stoica folded before Flop
Seat 6: Ger Cortes folded before Flop (didn't bet)



PokerStars Hand #222978130942:  Hold'em No Limit ($0.05/$0.10 USD) - 2021/01/23 18:38:21 ET
Table 'Odysseus III' 6-max Seat #2 is the button
Seat 1: xSkokEx ($11.15 in chips) 
Seat 2: Bono 1066 ($15.46 in chips) 
Seat 3: Bursitet ($5.50 in chips) 
Seat 4: Danut Stoica ($22.54 in chips) 
Seat 6: Ger Cortes ($13.53 in chips) 
Bursitet: posts small blind $0.05
Danut Stoica: posts big blind $0.10
bgftr: sits out 
*** HOLE CARDS ***
Ger Cortes: folds 
xSkokEx: folds 
Bono 1066: folds 
Bursitet: raises $0.22 to $0.32
Danut Stoica: calls $0.22
*** FLOP *** [9c 6h 6c]
Bursitet: checks 
Danut Stoica: bets $0.32
Bursitet: folds 
Uncalled bet ($0.32) returned to Danut Stoica
Danut Stoica collected $0.61 from pot
Danut Stoica: doesn't show hand 
*** SUMMARY ***
Total pot $0.64 | Rake $0.03 
Board [9c 6h 6c]
Seat 1: xSkokEx folded before Flop (didn't bet)
Seat 2: Bono 1066 (button) folded before Flop (didn't bet)
Seat 3: Bursitet (small blind) folded on the Flop
Seat 4: Danut Stoica (big blind) collected ($0.61)
Seat 6: Ger Cortes folded before Flop (didn't bet)



PokerStars Hand #222978147273:  Hold'em No Limit ($0.05/$0.10 USD) - 2021/01/23 18:38:46 ET
Table 'Odysseus III' 6-max Seat #3 is the button
Seat 1: xSkokEx ($11.15 in chips) 
Seat 2: Bono 1066 ($15.46 in chips) 
Seat 3: Bursitet ($5.18 in chips) 
Seat 4: Danut Stoica ($22.83 in chips) 
Seat 5: bgftr ($10 in chips) 
Seat 6: Ger Cortes ($13.53 in chips) 
Danut Stoica: posts small blind $0.05
bgftr: posts big blind $0.10
*** HOLE CARDS ***
Ger Cortes: folds 
xSkokEx: folds 
Bono 1066: folds 
Bursitet: raises $0.22 to $0.32
Danut Stoica: folds 
bgftr: folds 
Uncalled bet ($0.22) returned to Bursitet
Bursitet collected $0.25 from pot
Bursitet: doesn't show hand 
*** SUMMARY ***
Total pot $0.25 | Rake $0 
Seat 1: xSkokEx folded before Flop (didn't bet)
Seat 2: Bono 1066 folded before Flop (didn't bet)
Seat 3: Bursitet (button) collected ($0.25)
Seat 4: Danut Stoica (small blind) folded before Flop
Seat 5: bgftr (big blind) folded before Flop
Seat 6: Ger Cortes folded before Flop (didn't bet)



PokerStars Hand #222978161459:  Hold'em No Limit ($0.05/$0.10 USD) - 2021/01/23 18:39:08 ET
Table 'Odysseus III' 6-max Seat #4 is the button
Seat 1: xSkokEx ($11.15 in chips) 
Seat 2: Bono 1066 ($15.46 in chips) 
Seat 3: Bursitet ($5.33 in chips) 
Seat 4: Danut Stoica ($22.78 in chips) 
Seat 5: bgftr ($10 in chips) 
Seat 6: Ger Cortes ($13.53 in chips) 
bgftr: posts small blind $0.05
Ger Cortes: posts big blind $0.10
*** HOLE CARDS ***
xSkokEx: folds 
Bono 1066: folds 
Bursitet: raises $0.22 to $0.32
Danut Stoica: folds 
bgftr: calls $0.27
Ger Cortes: raises $1.18 to $1.50
Bursitet: raises $3.83 to $5.33 and is all-in
bgftr: folds 
Ger Cortes: calls $3.83
*** FLOP *** [3d 3s 2h]
*** TURN *** [3d 3s 2h] [8h]
*** RIVER *** [3d 3s 2h 8h] [Kc]
*** SHOW DOWN ***
Ger Cortes: shows [Kh Ad] (two pair, Kings and Threes)
Bursitet: shows [Ks Js] (two pair, Kings and Threes - lower kicker)
Ger Cortes collected $10.49 from pot
*** SUMMARY ***
Total pot $10.98 | Rake $0.49 
Board [3d 3s 2h 8h Kc]
Seat 1: xSkokEx folded before Flop (didn't bet)
Seat 2: Bono 1066 folded before Flop (didn't bet)
Seat 3: Bursitet showed [Ks Js] and lost with two pair, Kings and Threes
Seat 4: Danut Stoica (button) folded before Flop (didn't bet)
Seat 5: bgftr (small blind) folded before Flop
Seat 6: Ger Cortes (big blind) showed [Kh Ad] and won ($10.49) with two pair, Kings and Threes



PokerStars Hand #222978189857:  Hold'em No Limit ($0.05/$0.10 USD) - 2021/01/23 18:39:53 ET
Table 'Odysseus III' 6-max Seat #5 is the button
Seat 1: xSkokEx ($11.15 in chips) 
Seat 2: Bono 1066 ($15.46 in chips) 
Seat 4: Danut Stoica ($22.78 in chips) 
Seat 5: bgftr ($10 in chips) 
Seat 6: Ger Cortes ($18.69 in chips) 
Ger Cortes: posts small blind $0.05
xSkokEx: posts big blind $0.10
*** HOLE CARDS ***
Bono 1066: folds 
Danut Stoica: folds 
Bursitet leaves the table
bgftr: raises $0.20 to $0.30
Ger Cortes: raises $0.90 to $1.20
xSkokEx: folds 
bgftr: folds 
Uncalled bet ($0.90) returned to Ger Cortes
Ger Cortes collected $0.70 from pot
*** SUMMARY ***
Total pot $0.70 | Rake $0 
Seat 1: xSkokEx (big blind) folded before Flop
Seat 2: Bono 1066 folded before Flop (didn't bet)
Seat 4: Danut Stoica folded before Flop (didn't bet)
Seat 5: bgftr (button) folded before Flop
Seat 6: Ger Cortes (small blind) collected ($0.70)



PokerStars Hand #222978205843:  Hold'em No Limit ($0.05/$0.10 USD) - 2021/01/23 18:40:18 ET
Table 'Odysseus III' 6-max Seat #6 is the button
Seat 1: xSkokEx ($11.05 in chips) 
Seat 2: Bono 1066 ($15.46 in chips) 
Seat 4: Danut Stoica ($22.78 in chips) 
Seat 5: bgftr ($10 in chips) 
Seat 6: Ger Cortes ($19.09 in chips) 
xSkokEx: posts small blind $0.05
Bono 1066: posts big blind $0.10
*** HOLE CARDS ***
Danut Stoica: folds 
bgftr: raises $0.20 to $0.30
Ger Cortes: folds 
xSkokEx: folds 
Bono 1066: folds 
Uncalled bet ($0.20) returned to bgftr
bgftr collected $0.25 from pot
*** SUMMARY ***
Total pot $0.25 | Rake $0 
Seat 1: xSkokEx (small blind) folded before Flop
Seat 2: Bono 1066 (big blind) folded before Flop
Seat 4: Danut Stoica folded before Flop (didn't bet)
Seat 5: bgftr collected ($0.25)
Seat 6: Ger Cortes (button) folded before Flop (didn't bet)



PokerStars Hand #222978214509:  Hold'em No Limit ($0.05/$0.10 USD) - 2021/01/23 18:40:31 ET
Table 'Odysseus III' 6-max Seat #1 is the button
Seat 1: xSkokEx ($11 in chips) 
Seat 2: Bono 1066 ($15.36 in chips) 
Seat 4: Danut Stoica ($22.78 in chips) 
Seat 5: bgftr ($10.15 in chips) 
Seat 6: Ger Cortes ($19.09 in chips) 
Bono 1066: posts small blind $0.05
Danut Stoica: posts big blind $0.10
*** HOLE CARDS ***
bgftr: folds 
MrMoynerz joins the table at seat #3 
Ger Cortes: raises $0.15 to $0.25
xSkokEx: raises $0.55 to $0.80
Bono 1066: calls $0.75
Danut Stoica: folds 
Ger Cortes: folds 
*** FLOP *** [4h 5d 4c]
Bono 1066: checks 
xSkokEx: bets $0.93
Bono 1066: folds 
Uncalled bet ($0.93) returned to xSkokEx
xSkokEx collected $1.86 from pot
xSkokEx: doesn't show hand 
*** SUMMARY ***
Total pot $1.95 | Rake $0.09 
Board [4h 5d 4c]
Seat 1: xSkokEx (button) collected ($1.86)
Seat 2: Bono 1066 (small blind) folded on the Flop
Seat 4: Danut Stoica (big blind) folded before Flop
Seat 5: bgftr folded before Flop (didn't bet)
Seat 6: Ger Cortes folded before Flop



PokerStars Hand #222978245728:  Hold'em No Limit ($0.05/$0.10 USD) - 2021/01/23 18:41:20 ET
Table 'Odysseus III' 6-max Seat #2 is the button
Seat 1: xSkokEx ($12.06 in chips) 
Seat 2: Bono 1066 ($14.56 in chips) 
Seat 4: Danut Stoica ($22.68 in chips) 
Seat 5: bgftr ($10.15 in chips) 
Seat 6: Ger Cortes ($18.84 in chips) 
Danut Stoica: posts small blind $0.05
bgftr: posts big blind $0.10
*** HOLE CARDS ***
Ger Cortes: folds 
xSkokEx: folds 
Bono 1066: raises $0.10 to $0.20
Danut Stoica: folds 
bgftr: folds 
Uncalled bet ($0.10) returned to Bono 1066
Bono 1066 collected $0.25 from pot
Bono 1066: doesn't show hand 
*** SUMMARY ***
Total pot $0.25 | Rake $0 
Seat 1: xSkokEx folded before Flop (didn't bet)
Seat 2: Bono 1066 (button) collected ($0.25)
Seat 4: Danut Stoica (small blind) folded before Flop
Seat 5: bgftr (big blind) folded before Flop
Seat 6: Ger Cortes folded before Flop (didn't bet)



PokerStars Hand #222978253215:  Hold'em No Limit ($0.05/$0.10 USD) - 2021/01/23 18:41:32 ET
Table 'Odysseus III' 6-max Seat #4 is the button
Seat 1: xSkokEx ($12.06 in chips) 
Seat 2: Bono 1066 ($14.71 in chips) 
Seat 4: Danut Stoica ($22.63 in chips) 
Seat 5: bgftr ($10.05 in chips) 
Seat 6: Ger Cortes ($18.84 in chips) 
bgftr: posts small blind $0.05
Ger Cortes: posts big blind $0.10
MrMoynerz: sits out 
*** HOLE CARDS ***
xSkokEx: folds 
Bono 1066: folds 
Danut Stoica: folds 
bgftr: raises $0.20 to $0.30
Ger Cortes: raises $0.60 to $0.90
bgftr: folds 
Uncalled bet ($0.60) returned to Ger Cortes
Ger Cortes collected $0.60 from pot
*** SUMMARY ***
Total pot $0.60 | Rake $0 
Seat 1: xSkokEx folded before Flop (didn't bet)
Seat 2: Bono 1066 folded before Flop (didn't bet)
Seat 4: Danut Stoica (button) folded before Flop (didn't bet)
Seat 5: bgftr (small blind) folded before Flop
Seat 6: Ger Cortes (big blind) collected ($0.60)



PokerStars Hand #222978571717:  Hold'em No Limit ($0.05/$0.10 USD) - 2021/01/23 18:49:42 ET
Table 'Odysseus III' 6-max Seat #2 is the button
Seat 1: Adrian Gonz ($10.05 in chips) 
Seat 2: Bono 1066 ($14.95 in chips) 
Seat 3: 7farmaceft ($6.70 in chips) 
Seat 4: Danut Stoica ($22.73 in chips) 
7farmaceft: posts small blind $0.05
Danut Stoica: posts big blind $0.10
*** HOLE CARDS ***
Adrian Gonz: folds 
Bono 1066: folds 
7farmaceft: calls $0.05
Danut Stoica: raises $0.30 to $0.40
7farmaceft: calls $0.30
*** FLOP *** [8s Tc Js]
7farmaceft: checks 
Danut Stoica: checks 
*** TURN *** [8s Tc Js] [4d]
7farmaceft: checks 
Danut Stoica: checks 
*** RIVER *** [8s Tc Js 4d] [8h]
7farmaceft: checks 
Danut Stoica: checks 
*** SHOW DOWN ***
7farmaceft: shows [7c Kd] (a pair of Eights)
Danut Stoica: shows [7h 7d] (two pair, Eights and Sevens)
Danut Stoica collected $0.76 from pot
*** SUMMARY ***
Total pot $0.80 | Rake $0.04 
Board [8s Tc Js 4d 8h]
Seat 1: Adrian Gonz folded before Flop (didn't bet)
Seat 2: Bono 1066 (button) folded before Flop (didn't bet)
Seat 3: 7farmaceft (small blind) showed [7c Kd] and lost with a pair of Eights
Seat 4: Danut Stoica (big blind) showed [7h 7d] and won ($0.76) with two pair, Eights and Sevens



PokerStars Hand #222978590562:  Hold'em No Limit ($0.05/$0.10 USD) - 2021/01/23 18:50:13 ET
Table 'Odysseus III' 6-max Seat #3 is the button
Seat 1: Adrian Gonz ($10.05 in chips) 
Seat 2: Bono 1066 ($14.95 in chips) 
Seat 3: 7farmaceft ($6.30 in chips) 
Seat 4: Danut Stoica ($23.09 in chips) 
Danut Stoica: posts small blind $0.05
Adrian Gonz: posts big blind $0.10
*** HOLE CARDS ***
Bono 1066: folds 
7farmaceft: folds 
Danut Stoica: folds 
Uncalled bet ($0.05) returned to Adrian Gonz
Adrian Gonz collected $0.10 from pot
*** SUMMARY ***
Total pot $0.10 | Rake $0 
Seat 1: Adrian Gonz (big blind) collected ($0.10)
Seat 2: Bono 1066 folded before Flop (didn't bet)
Seat 3: 7farmaceft (button) folded before Flop (didn't bet)
Seat 4: Danut Stoica (small blind) folded before Flop



PokerStars Hand #222978594470:  Hold'em No Limit ($0.05/$0.10 USD) - 2021/01/23 18:50:19 ET
Table 'Odysseus III' 6-max Seat #4 is the button
Seat 1: Adrian Gonz ($10.10 in chips) 
Seat 2: Bono 1066 ($14.95 in chips) 
Seat 3: 7farmaceft ($6.30 in chips) 
Seat 4: Danut Stoica ($23.04 in chips) 
FreddyA77 joins the table at seat #6 
Adrian Gonz: posts small blind $0.05
Bono 1066: posts big blind $0.10
*** HOLE CARDS ***
7farmaceft: raises $0.10 to $0.20
Danut Stoica: folds 
Adrian Gonz: folds 
Bono 1066: folds 
Uncalled bet ($0.10) returned to 7farmaceft
7farmaceft collected $0.25 from pot
7farmaceft: doesn't show hand 
*** SUMMARY ***
Total pot $0.25 | Rake $0 
Seat 1: Adrian Gonz (small blind) folded before Flop
Seat 2: Bono 1066 (big blind) folded before Flop
Seat 3: 7farmaceft collected ($0.25)
Seat 4: Danut Stoica (button) folded before Flop (didn't bet)



PokerStars Hand #222978599224:  Hold'em No Limit ($0.05/$0.10 USD) - 2021/01/23 18:50:27 ET
Table 'Odysseus III' 6-max Seat #1 is the button
Seat 1: Adrian Gonz ($10.05 in chips) 
Seat 2: Bono 1066 ($14.85 in chips) 
Seat 3: 7farmaceft ($6.45 in chips) 
Seat 4: Danut Stoica ($23.04 in chips) 
Seat 6: FreddyA77 ($8.80 in chips) 
Bono 1066: posts small blind $0.05
7farmaceft: posts big blind $0.10
FreddyA77: posts big blind $0.10
*** HOLE CARDS ***
Danut Stoica: raises $0.30 to $0.40
FreddyA77: calls $0.30
Adrian Gonz: calls $0.40
Bono 1066: folds 
7farmaceft: folds 
*** FLOP *** [5c Jc 5h]
Danut Stoica: checks 
FreddyA77: bets $1.29
belllls joins the table at seat #5 
Adrian Gonz: folds 
Danut Stoica: folds 
Uncalled bet ($1.29) returned to FreddyA77
FreddyA77 collected $1.29 from pot
FreddyA77: doesn't show hand 
*** SUMMARY ***
Total pot $1.35 | Rake $0.06 
Board [5c Jc 5h]
Seat 1: Adrian Gonz (button) folded on the Flop
Seat 2: Bono 1066 (small blind) folded before Flop
Seat 3: 7farmaceft (big blind) folded before Flop
Seat 4: Danut Stoica folded on the Flop
Seat 6: FreddyA77 collected ($1.29)



PokerStars Hand #222978627052:  Hold'em No Limit ($0.05/$0.10 USD) - 2021/01/23 18:51:13 ET
Table 'Odysseus III' 6-max Seat #2 is the button
Seat 1: Adrian Gonz ($9.65 in chips) 
Seat 2: Bono 1066 ($14.80 in chips) 
Seat 3: 7farmaceft ($6.35 in chips) 
Seat 4: Danut Stoica ($22.64 in chips) 
Seat 5: belllls ($5 in chips) 
Seat 6: FreddyA77 ($9.69 in chips) 
7farmaceft: posts small blind $0.05
Danut Stoica: posts big blind $0.10
belllls: posts big blind $0.10
*** HOLE CARDS ***
belllls: checks 
FreddyA77: raises $0.10 to $0.20
Adrian Gonz: folds 
Bono 1066: folds 
7farmaceft: folds 
Danut Stoica: folds 
belllls: calls $0.10
*** FLOP *** [Ts Qc Th]
belllls: checks 
FreddyA77: checks 
*** TURN *** [Ts Qc Th] [6s]
belllls: checks 
FreddyA77: bets $0.33
belllls: folds 
Uncalled bet ($0.33) returned to FreddyA77
FreddyA77 collected $0.53 from pot
FreddyA77: doesn't show hand 
*** SUMMARY ***
Total pot $0.55 | Rake $0.02 
Board [Ts Qc Th 6s]
Seat 1: Adrian Gonz folded before Flop (didn't bet)
Seat 2: Bono 1066 (button) folded before Flop (didn't bet)
Seat 3: 7farmaceft (small blind) folded before Flop
Seat 4: Danut Stoica (big blind) folded before Flop
Seat 5: belllls folded on the Turn
Seat 6: FreddyA77 collected ($0.53)



PokerStars Hand #222978831387:  Hold'em No Limit ($0.05/$0.10 USD) - 2021/01/23 18:57:29 ET
Table 'Odysseus III' 6-max Seat #1 is the button
Seat 1: jsimshow_94 ($8.50 in chips) 
Seat 2: Bono 1066 ($16.34 in chips) 
Seat 3: 7farmaceft ($9.56 in chips) 
Seat 4: Danut Stoica ($22.28 in chips) 
Bono 1066: posts small blind $0.05
7farmaceft: posts big blind $0.10
PietTheHeat: sits out 
*** HOLE CARDS ***
Danut Stoica: folds 
jsimshow_94: raises $0.10 to $0.20
Bono 1066: folds 
7farmaceft: calls $0.10
*** FLOP *** [9h Jd 6d]
7farmaceft: checks 
jsimshow_94: bets $0.25
7farmaceft: calls $0.25
*** TURN *** [9h Jd 6d] [6c]
7farmaceft: checks 
jsimshow_94: bets $0.50
7farmaceft: calls $0.50
*** RIVER *** [9h Jd 6d 6c] [Qc]
7farmaceft: checks 
jsimshow_94: bets $1
7farmaceft: folds 
Uncalled bet ($1) returned to jsimshow_94
jsimshow_94 collected $1.86 from pot
jsimshow_94: doesn't show hand 
*** SUMMARY ***
Total pot $1.95 | Rake $0.09 
Board [9h Jd 6d 6c Qc]
Seat 1: jsimshow_94 (button) collected ($1.86)
Seat 2: Bono 1066 (small blind) folded before Flop
Seat 3: 7farmaceft (big blind) folded on the River
Seat 4: Danut Stoica folded before Flop (didn't bet)



PokerStars Hand #222978848337:  Hold'em No Limit ($0.05/$0.10 USD) - 2021/01/23 18:58:08 ET
Table 'Odysseus III' 6-max Seat #2 is the button
Seat 1: jsimshow_94 ($9.41 in chips) 
Seat 2: Bono 1066 ($16.29 in chips) 
Seat 3: 7farmaceft ($8.61 in chips) 
Seat 4: Danut Stoica ($22.28 in chips) 
Seat 6: FreddyA77 ($11.26 in chips) 
7farmaceft: posts small blind $0.05
Danut Stoica: posts big blind $0.10
PietTheHeat: sits out 
*** HOLE CARDS ***
FreddyA77: calls $0.10
jsimshow_94: raises $0.10 to $0.20
Bono 1066: folds 
7farmaceft: folds 
Danut Stoica: folds 
FreddyA77: calls $0.10
*** FLOP *** [5c 6s 3c]
FreddyA77: bets $0.10
jsimshow_94: calls $0.10
*** TURN *** [5c 6s 3c] [4s]
FreddyA77: bets $0.20
jsimshow_94: calls $0.20
*** RIVER *** [5c 6s 3c 4s] [Kd]
FreddyA77: bets $0.20
jsimshow_94: calls $0.20
*** SHOW DOWN ***
FreddyA77: shows [Jh 5h] (a pair of Fives)
jsimshow_94: mucks hand 
FreddyA77 collected $1.48 from pot
*** SUMMARY ***
Total pot $1.55 | Rake $0.07 
Board [5c 6s 3c 4s Kd]
Seat 1: jsimshow_94 mucked
Seat 2: Bono 1066 (button) folded before Flop (didn't bet)
Seat 3: 7farmaceft (small blind) folded before Flop
Seat 4: Danut Stoica (big blind) folded before Flop
Seat 6: FreddyA77 showed [Jh 5h] and won ($1.48) with a pair of Fives



PokerStars Hand #222978865066:  Hold'em No Limit ($0.05/$0.10 USD) - 2021/01/23 18:58:45 ET
Table 'Odysseus III' 6-max Seat #3 is the button
Seat 1: jsimshow_94 ($8.71 in chips) 
Seat 2: Bono 1066 ($16.29 in chips) 
Seat 3: 7farmaceft ($8.56 in chips) 
Seat 4: Danut Stoica ($22.18 in chips) 
Seat 5: PietTheHeat ($10 in chips) 
Seat 6: FreddyA77 ($12.04 in chips) 
Danut Stoica: posts small blind $0.05
PietTheHeat: posts big blind $0.10
*** HOLE CARDS ***
FreddyA77: folds 
jsimshow_94: calls $0.10
Bono 1066: raises $0.20 to $0.30
7farmaceft: calls $0.30
Danut Stoica: raises $1.70 to $2
PietTheHeat: folds 
jsimshow_94: folds 
Bono 1066: calls $1.70
7farmaceft: calls $1.70
*** FLOP *** [5h 7s 7d]
Danut Stoica: checks 
Bono 1066: checks 
7farmaceft: checks 
*** TURN *** [5h 7s 7d] [9h]
Danut Stoica: checks 
Bono 1066: bets $2.96
7farmaceft: folds 
Danut Stoica: folds 
Uncalled bet ($2.96) returned to Bono 1066
Bono 1066 collected $5.92 from pot
Bono 1066: doesn't show hand 
*** SUMMARY ***
Total pot $6.20 | Rake $0.28 
Board [5h 7s 7d 9h]
Seat 1: jsimshow_94 folded before Flop
Seat 2: Bono 1066 collected ($5.92)
Seat 3: 7farmaceft (button) folded on the Turn
Seat 4: Danut Stoica (small blind) folded on the Turn
Seat 5: PietTheHeat (big blind) folded before Flop
Seat 6: FreddyA77 folded before Flop (didn't bet)



PokerStars Hand #222978895284:  Hold'em No Limit ($0.05/$0.10 USD) - 2021/01/23 18:59:53 ET
Table 'Odysseus III' 6-max Seat #4 is the button
Seat 1: jsimshow_94 ($8.61 in chips) 
Seat 2: Bono 1066 ($20.21 in chips) 
Seat 3: 7farmaceft ($6.56 in chips) 
Seat 4: Danut Stoica ($20.18 in chips) 
Seat 5: PietTheHeat ($9.90 in chips) 
PietTheHeat: posts small blind $0.05
jsimshow_94: posts big blind $0.10
*** HOLE CARDS ***
Bono 1066: folds 
7farmaceft: folds 
Danut Stoica: folds 
PietTheHeat: folds 
Uncalled bet ($0.05) returned to jsimshow_94
jsimshow_94 collected $0.10 from pot
jsimshow_94: doesn't show hand 
*** SUMMARY ***
Total pot $0.10 | Rake $0 
Seat 1: jsimshow_94 (big blind) collected ($0.10)
Seat 2: Bono 1066 folded before Flop (didn't bet)
Seat 3: 7farmaceft folded before Flop (didn't bet)
Seat 4: Danut Stoica (button) folded before Flop (didn't bet)
Seat 5: PietTheHeat (small blind) folded before Flop



PokerStars Hand #222978900583:  Hold'em No Limit ($0.05/$0.10 USD) - 2021/01/23 19:00:05 ET
Table 'Odysseus III' 6-max Seat #5 is the button
Seat 1: jsimshow_94 ($8.66 in chips) 
Seat 2: Bono 1066 ($20.21 in chips) 
Seat 3: 7farmaceft ($6.56 in chips) 
Seat 4: Danut Stoica ($20.18 in chips) 
Seat 5: PietTheHeat ($9.85 in chips) 
jsimshow_94: posts small blind $0.05
Bono 1066: posts big blind $0.10
*** HOLE CARDS ***
7farmaceft: folds 
Danut Stoica: folds 
PietTheHeat: raises $0.20 to $0.30
jsimshow_94: folds 
Bono 1066: folds 
Uncalled bet ($0.20) returned to PietTheHeat
PietTheHeat collected $0.25 from pot
PietTheHeat: doesn't show hand 
*** SUMMARY ***
Total pot $0.25 | Rake $0 
Seat 1: jsimshow_94 (small blind) folded before Flop
Seat 2: Bono 1066 (big blind) folded before Flop
Seat 3: 7farmaceft folded before Flop (didn't bet)
Seat 4: Danut Stoica folded before Flop (didn't bet)
Seat 5: PietTheHeat (button) collected ($0.25)



PokerStars Hand #222978908207:  Hold'em No Limit ($0.05/$0.10 USD) - 2021/01/23 19:00:20 ET
Table 'Odysseus III' 6-max Seat #1 is the button
Seat 1: jsimshow_94 ($8.61 in chips) 
Seat 2: Bono 1066 ($20.11 in chips) 
Seat 3: 7farmaceft ($6.56 in chips) 
Seat 4: Danut Stoica ($20.18 in chips) 
Seat 5: PietTheHeat ($10 in chips) 
Bono 1066: posts small blind $0.05
7farmaceft: posts big blind $0.10
*** HOLE CARDS ***
Danut Stoica: folds 
PietTheHeat: folds 
jsimshow_94: calls $0.10
Bono 1066: folds 
7farmaceft: checks 
*** FLOP *** [2h 4h 3h]
7farmaceft: bets $0.10
jsimshow_94: raises $0.20 to $0.30
7farmaceft: calls $0.20
*** TURN *** [2h 4h 3h] [Td]
7farmaceft: checks 
jsimshow_94: bets $0.50
7farmaceft: calls $0.50
*** RIVER *** [2h 4h 3h Td] [6s]
7farmaceft: bets $0.88
jsimshow_94: calls $0.88
*** SHOW DOWN ***
7farmaceft: shows [4d 8c] (a pair of Fours)
jsimshow_94: mucks hand 
7farmaceft collected $3.45 from pot
*** SUMMARY ***
Total pot $3.61 | Rake $0.16 
Board [2h 4h 3h Td 6s]
Seat 1: jsimshow_94 (button) mucked
Seat 2: Bono 1066 (small blind) folded before Flop
Seat 3: 7farmaceft (big blind) showed [4d 8c] and won ($3.45) with a pair of Fours
Seat 4: Danut Stoica folded before Flop (didn't bet)
Seat 5: PietTheHeat folded before Flop (didn't bet)



PokerStars Hand #222978924978:  Hold'em No Limit ($0.05/$0.10 USD) - 2021/01/23 19:00:54 ET
Table 'Odysseus III' 6-max Seat #2 is the button
Seat 1: jsimshow_94 ($6.83 in chips) 
Seat 2: Bono 1066 ($20.06 in chips) 
Seat 3: 7farmaceft ($8.23 in chips) 
Seat 4: Danut Stoica ($20.18 in chips) 
Seat 5: PietTheHeat ($10 in chips) 
7farmaceft: posts small blind $0.05
Danut Stoica: posts big blind $0.10
*** HOLE CARDS ***
PietTheHeat: folds 
jsimshow_94: raises $0.90 to $1
Bono 1066: folds 
7farmaceft: folds 
Danut Stoica: folds 
Uncalled bet ($0.90) returned to jsimshow_94
jsimshow_94 collected $0.25 from pot
jsimshow_94: doesn't show hand 
*** SUMMARY ***
Total pot $0.25 | Rake $0 
Seat 1: jsimshow_94 collected ($0.25)
Seat 2: Bono 1066 (button) folded before Flop (didn't bet)
Seat 3: 7farmaceft (small blind) folded before Flop
Seat 4: Danut Stoica (big blind) folded before Flop
Seat 5: PietTheHeat folded before Flop (didn't bet)



PokerStars Hand #222978933607:  Hold'em No Limit ($0.05/$0.10 USD) - 2021/01/23 19:01:10 ET
Table 'Odysseus III' 6-max Seat #3 is the button
Seat 1: jsimshow_94 ($6.98 in chips) 
Seat 2: Bono 1066 ($20.06 in chips) 
Seat 3: 7farmaceft ($8.18 in chips) 
Seat 4: Danut Stoica ($20.08 in chips) 
Seat 5: PietTheHeat ($10 in chips) 
Danut Stoica: posts small blind $0.05
PietTheHeat: posts big blind $0.10
*** HOLE CARDS ***
jsimshow_94: calls $0.10
Bono 1066: folds 
7farmaceft: calls $0.10
Danut Stoica: folds 
PietTheHeat: checks 
*** FLOP *** [8c 6h 6s]
PietTheHeat: checks 
jsimshow_94: checks 
7farmaceft: checks 
*** TURN *** [8c 6h 6s] [Ad]
PietTheHeat: checks 
jsimshow_94: checks 
7farmaceft: bets $0.30
PietTheHeat: folds 
jsimshow_94: folds 
Uncalled bet ($0.30) returned to 7farmaceft
7farmaceft collected $0.33 from pot
7farmaceft: doesn't show hand 
*** SUMMARY ***
Total pot $0.35 | Rake $0.02 
Board [8c 6h 6s Ad]
Seat 1: jsimshow_94 folded on the Turn
Seat 2: Bono 1066 folded before Flop (didn't bet)
Seat 3: 7farmaceft (button) collected ($0.33)
Seat 4: Danut Stoica (small blind) folded before Flop
Seat 5: PietTheHeat (big blind) folded on the Turn



PokerStars Hand #222978948416:  Hold'em No Limit ($0.05/$0.10 USD) - 2021/01/23 19:01:37 ET
Table 'Odysseus III' 6-max Seat #4 is the button
Seat 1: jsimshow_94 ($6.88 in chips) 
Seat 2: Bono 1066 ($20.06 in chips) 
Seat 3: 7farmaceft ($8.41 in chips) 
Seat 4: Danut Stoica ($20.03 in chips) 
Seat 5: PietTheHeat ($9.90 in chips) 
PietTheHeat: posts small blind $0.05
jsimshow_94: posts big blind $0.10
*** HOLE CARDS ***
Bono 1066: folds 
7farmaceft: folds 
Danut Stoica: folds 
PietTheHeat: folds 
Uncalled bet ($0.05) returned to jsimshow_94
jsimshow_94 collected $0.10 from pot
jsimshow_94: doesn't show hand 
*** SUMMARY ***
Total pot $0.10 | Rake $0 
Seat 1: jsimshow_94 (big blind) collected ($0.10)
Seat 2: Bono 1066 folded before Flop (didn't bet)
Seat 3: 7farmaceft folded before Flop (didn't bet)
Seat 4: Danut Stoica (button) folded before Flop (didn't bet)
Seat 5: PietTheHeat (small blind) folded before Flop



PokerStars Hand #222978955946:  Hold'em No Limit ($0.05/$0.10 USD) - 2021/01/23 19:01:49 ET
Table 'Odysseus III' 6-max Seat #5 is the button
Seat 1: jsimshow_94 ($6.93 in chips) 
Seat 2: Bono 1066 ($20.06 in chips) 
Seat 3: 7farmaceft ($8.41 in chips) 
Seat 4: Danut Stoica ($20.03 in chips) 
Seat 5: PietTheHeat ($9.85 in chips) 
jsimshow_94: posts small blind $0.05
Bono 1066: posts big blind $0.10
*** HOLE CARDS ***
7farmaceft: calls $0.10
Danut Stoica: folds 
PietTheHeat: raises $0.20 to $0.30
jsimshow_94: calls $0.25
Bono 1066: calls $0.20
7farmaceft: folds 
*** FLOP *** [Ts 6d Th]
jsimshow_94: checks 
Bono 1066: bets $0.48
PietTheHeat: raises $1.02 to $1.50
jsimshow_94: folds 
Bono 1066: calls $1.02
*** TURN *** [Ts 6d Th] [5c]
Bono 1066: checks 
PietTheHeat: bets $2.87
Bono 1066: raises $15.39 to $18.26 and is all-in
PietTheHeat: calls $5.18 and is all-in
Uncalled bet ($10.21) returned to Bono 1066
FreddyA77 leaves the table
*** RIVER *** [Ts 6d Th 5c] [9s]
*** SHOW DOWN ***
Bono 1066: shows [9d Td] (a full house, Tens full of Nines)
PietTheHeat: shows [Tc Ac] (three of a kind, Tens)
Bono 1066 collected $19.20 from pot
PietTheHeat cashed out the hand for $16.41 | Cash Out Fee $0.17
*** SUMMARY ***
Total pot $20.10 | Rake $0.90 
Board [Ts 6d Th 5c 9s]
Seat 1: jsimshow_94 (small blind) folded on the Flop
Seat 2: Bono 1066 (big blind) showed [9d Td] and won ($19.20) with a full house, Tens full of Nines
Seat 3: 7farmaceft folded before Flop
Seat 4: Danut Stoica folded before Flop (didn't bet)
Seat 5: PietTheHeat (button) showed [Tc Ac] and lost with three of a kind, Tens (cashed out).



PokerStars Hand #222979009824:  Hold'em No Limit ($0.05/$0.10 USD) - 2021/01/23 19:03:23 ET
Table 'Odysseus III' 6-max Seat #1 is the button
Seat 1: jsimshow_94 ($6.63 in chips) 
Seat 2: Bono 1066 ($29.41 in chips) 
Seat 3: 7farmaceft ($8.31 in chips) 
Seat 4: Danut Stoica ($20.03 in chips) 
Seat 5: PietTheHeat ($16.41 in chips) 
Bono 1066: posts small blind $0.05
7farmaceft: posts big blind $0.10
*** HOLE CARDS ***
Danut Stoica: raises $0.15 to $0.25
PietTheHeat: folds 
jsimshow_94: calls $0.25
Bono 1066: folds 
7farmaceft: calls $0.15
*** FLOP *** [7c Ad Kh]
7farmaceft: checks 
Danut Stoica: bets $0.24
jsimshow_94: calls $0.24
7farmaceft: calls $0.24
*** TURN *** [7c Ad Kh] [4c]
7farmaceft: checks 
Danut Stoica: checks 
jsimshow_94: checks 
*** RIVER *** [7c Ad Kh 4c] [Jd]
7farmaceft: bets $0.30
3EBC96 joins the table at seat #6 
Danut Stoica: folds 
jsimshow_94: folds 
Uncalled bet ($0.30) returned to 7farmaceft
7farmaceft collected $1.45 from pot
7farmaceft: doesn't show hand 
*** SUMMARY ***
Total pot $1.52 | Rake $0.07 
Board [7c Ad Kh 4c Jd]
Seat 1: jsimshow_94 (button) folded on the River
Seat 2: Bono 1066 (small blind) folded before Flop
Seat 3: 7farmaceft (big blind) collected ($1.45)
Seat 4: Danut Stoica folded on the River
Seat 5: PietTheHeat folded before Flop (didn't bet)



PokerStars Hand #222979038076:  Hold'em No Limit ($0.05/$0.10 USD) - 2021/01/23 19:04:11 ET
Table 'Odysseus III' 6-max Seat #2 is the button
Seat 1: jsimshow_94 ($6.14 in chips) 
Seat 2: Bono 1066 ($29.36 in chips) 
Seat 3: 7farmaceft ($9.27 in chips) 
Seat 4: Danut Stoica ($19.54 in chips) 
Seat 5: PietTheHeat ($16.41 in chips) 
7farmaceft: posts small blind $0.05
Danut Stoica: posts big blind $0.10
3EBC96: sits out 
*** HOLE CARDS ***
PietTheHeat: folds 
jsimshow_94: calls $0.10
Bono 1066: folds 
7farmaceft: calls $0.05
Danut Stoica: checks 
*** FLOP *** [Kc Tc Jd]
7farmaceft: bets $0.30
Danut Stoica: folds 
jsimshow_94: folds 
Uncalled bet ($0.30) returned to 7farmaceft
7farmaceft collected $0.29 from pot
7farmaceft: doesn't show hand 
*** SUMMARY ***
Total pot $0.30 | Rake $0.01 
Board [Kc Tc Jd]
Seat 1: jsimshow_94 folded on the Flop
Seat 2: Bono 1066 (button) folded before Flop (didn't bet)
Seat 3: 7farmaceft (small blind) collected ($0.29)
Seat 4: Danut Stoica (big blind) folded on the Flop
Seat 5: PietTheHeat folded before Flop (didn't bet)



PokerStars Hand #222979056801:  Hold'em No Limit ($0.05/$0.10 USD) - 2021/01/23 19:04:44 ET
Table 'Odysseus III' 6-max Seat #3 is the button
Seat 1: jsimshow_94 ($6.04 in chips) 
Seat 2: Bono 1066 ($29.36 in chips) 
Seat 3: 7farmaceft ($9.46 in chips) 
Seat 4: Danut Stoica ($19.44 in chips) 
Seat 5: PietTheHeat ($16.41 in chips) 
Danut Stoica: posts small blind $0.05
PietTheHeat: posts big blind $0.10
3EBC96: sits out 
*** HOLE CARDS ***
jsimshow_94: calls $0.10
Bono 1066: folds 
7farmaceft: calls $0.10
Danut Stoica: folds 
PietTheHeat: checks 
*** FLOP *** [8d 7h 8s]
PietTheHeat: checks 
jsimshow_94: bets $0.30
7farmaceft: calls $0.30
PietTheHeat: folds 
*** TURN *** [8d 7h 8s] [Td]
jsimshow_94: checks 
7farmaceft: checks 
*** RIVER *** [8d 7h 8s Td] [4d]
jsimshow_94: bets $0.50
7farmaceft: folds 
Uncalled bet ($0.50) returned to jsimshow_94
jsimshow_94 collected $0.91 from pot
jsimshow_94: doesn't show hand 
*** SUMMARY ***
Total pot $0.95 | Rake $0.04 
Board [8d 7h 8s Td 4d]
Seat 1: jsimshow_94 collected ($0.91)
Seat 2: Bono 1066 folded before Flop (didn't bet)
Seat 3: 7farmaceft (button) folded on the River
Seat 4: Danut Stoica (small blind) folded before Flop
Seat 5: PietTheHeat (big blind) folded on the Flop



PokerStars Hand #222979084430:  Hold'em No Limit ($0.05/$0.10 USD) - 2021/01/23 19:05:18 ET
Table 'Odysseus III' 6-max Seat #4 is the button
Seat 1: jsimshow_94 ($6.55 in chips) 
Seat 2: Bono 1066 ($29.36 in chips) 
Seat 3: 7farmaceft ($9.06 in chips) 
Seat 4: Danut Stoica ($19.39 in chips) 
Seat 5: PietTheHeat ($16.31 in chips) 
Seat 6: 3EBC96 ($10 in chips) 
PietTheHeat: posts small blind $0.05
3EBC96: posts big blind $0.10
*** HOLE CARDS ***
jsimshow_94: calls $0.10
Bono 1066: folds 
7farmaceft: calls $0.10
Danut Stoica: calls $0.10
PietTheHeat: calls $0.05
3EBC96: raises $0.40 to $0.50
jsimshow_94: calls $0.40
7farmaceft: calls $0.40
Danut Stoica: calls $0.40
PietTheHeat: calls $0.40
*** FLOP *** [8s 6s As]
PietTheHeat: checks 
3EBC96: checks 
jsimshow_94: checks 
7farmaceft: bets $0.30
Danut Stoica: folds 
PietTheHeat: calls $0.30
3EBC96: folds 
jsimshow_94: calls $0.30
*** TURN *** [8s 6s As] [Ah]
PietTheHeat: checks 
jsimshow_94: checks 
7farmaceft: bets $1.10
PietTheHeat: folds 
jsimshow_94: folds 
Uncalled bet ($1.10) returned to 7farmaceft
7farmaceft collected $3.25 from pot
7farmaceft: doesn't show hand 
*** SUMMARY ***
Total pot $3.40 | Rake $0.15 
Board [8s 6s As Ah]
Seat 1: jsimshow_94 folded on the Turn
Seat 2: Bono 1066 folded before Flop (didn't bet)
Seat 3: 7farmaceft collected ($3.25)
Seat 4: Danut Stoica (button) folded on the Flop
Seat 5: PietTheHeat (small blind) folded on the Turn
Seat 6: 3EBC96 (big blind) folded on the Flop



PokerStars Hand #222979115361:  Hold'em No Limit ($0.05/$0.10 USD) - 2021/01/23 19:06:12 ET
Table 'Odysseus III' 6-max Seat #5 is the button
Seat 1: jsimshow_94 ($5.75 in chips) 
Seat 2: Bono 1066 ($29.36 in chips) 
Seat 3: 7farmaceft ($11.51 in chips) 
Seat 4: Danut Stoica ($18.89 in chips) 
Seat 5: PietTheHeat ($15.51 in chips) 
Seat 6: 3EBC96 ($10 in chips) 
3EBC96: posts small blind $0.05
jsimshow_94: posts big blind $0.10
*** HOLE CARDS ***
Bono 1066: raises $0.10 to $0.20
7farmaceft: calls $0.20
Danut Stoica: folds 
PietTheHeat: folds 
3EBC96: folds 
jsimshow_94: calls $0.10
*** FLOP *** [Kc Kh Td]
jsimshow_94: checks 
Bono 1066: checks 
7farmaceft: bets $0.30
jsimshow_94: folds 
Bono 1066: calls $0.30
*** TURN *** [Kc Kh Td] [2h]
Bono 1066: checks 
7farmaceft: bets $0.50
Bono 1066: calls $0.50
*** RIVER *** [Kc Kh Td 2h] [Ad]
Bono 1066: checks 
7farmaceft: bets $1
Bono 1066: calls $1
*** SHOW DOWN ***
7farmaceft: shows [Kd 8s] (three of a kind, Kings)
Bono 1066: shows [Qh Ks] (three of a kind, Kings - Ace+Queen kicker)
Bono 1066 collected $4.06 from pot
*** SUMMARY ***
Total pot $4.25 | Rake $0.19 
Board [Kc Kh Td 2h Ad]
Seat 1: jsimshow_94 (big blind) folded on the Flop
Seat 2: Bono 1066 showed [Qh Ks] and won ($4.06) with three of a kind, Kings
Seat 3: 7farmaceft showed [Kd 8s] and lost with three of a kind, Kings
Seat 4: Danut Stoica folded before Flop (didn't bet)
Seat 5: PietTheHeat (button) folded before Flop (didn't bet)
Seat 6: 3EBC96 (small blind) folded before Flop



PokerStars Hand #222979149724:  Hold'em No Limit ($0.05/$0.10 USD) - 2021/01/23 19:07:11 ET
Table 'Odysseus III' 6-max Seat #6 is the button
Seat 1: jsimshow_94 ($5.55 in chips) 
Seat 2: Bono 1066 ($31.42 in chips) 
Seat 3: 7farmaceft ($9.51 in chips) 
Seat 4: Danut Stoica ($18.89 in chips) 
Seat 5: PietTheHeat ($15.51 in chips) 
Seat 6: 3EBC96 ($10 in chips) 
jsimshow_94: posts small blind $0.05
Bono 1066: posts big blind $0.10
*** HOLE CARDS ***
7farmaceft: calls $0.10
Danut Stoica: folds 
PietTheHeat: calls $0.10
3EBC96: folds 
jsimshow_94: raises $0.90 to $1
Bono 1066: folds 
7farmaceft: folds 
PietTheHeat: folds 
Uncalled bet ($0.90) returned to jsimshow_94
jsimshow_94 collected $0.40 from pot
jsimshow_94: doesn't show hand 
*** SUMMARY ***
Total pot $0.40 | Rake $0 
Seat 1: jsimshow_94 (small blind) collected ($0.40)
Seat 2: Bono 1066 (big blind) folded before Flop
Seat 3: 7farmaceft folded before Flop
Seat 4: Danut Stoica folded before Flop (didn't bet)
Seat 5: PietTheHeat folded before Flop
Seat 6: 3EBC96 (button) folded before Flop (didn't bet)



PokerStars Hand #222979171977:  Hold'em No Limit ($0.05/$0.10 USD) - 2021/01/23 19:07:34 ET
Table 'Odysseus III' 6-max Seat #1 is the button
Seat 1: jsimshow_94 ($5.85 in chips) 
Seat 2: Bono 1066 ($31.32 in chips) 
Seat 3: 7farmaceft ($9.41 in chips) 
Seat 4: Danut Stoica ($18.89 in chips) 
Seat 5: PietTheHeat ($15.41 in chips) 
Seat 6: 3EBC96 ($10 in chips) 
Bono 1066: posts small blind $0.05
7farmaceft: posts big blind $0.10
*** HOLE CARDS ***
Danut Stoica: raises $0.15 to $0.25
PietTheHeat: folds 
3EBC96: folds 
jsimshow_94: raises $0.75 to $1
Bono 1066: folds 
7farmaceft: folds 
Danut Stoica: folds 
Uncalled bet ($0.75) returned to jsimshow_94
jsimshow_94 collected $0.65 from pot
jsimshow_94: doesn't show hand 
*** SUMMARY ***
Total pot $0.65 | Rake $0 
Seat 1: jsimshow_94 (button) collected ($0.65)
Seat 2: Bono 1066 (small blind) folded before Flop
Seat 3: 7farmaceft (big blind) folded before Flop
Seat 4: Danut Stoica folded before Flop
Seat 5: PietTheHeat folded before Flop (didn't bet)
Seat 6: 3EBC96 folded before Flop (didn't bet)



PokerStars Hand #222979183161:  Hold'em No Limit ($0.05/$0.10 USD) - 2021/01/23 19:07:54 ET
Table 'Odysseus III' 6-max Seat #2 is the button
Seat 1: jsimshow_94 ($6.25 in chips) 
Seat 2: Bono 1066 ($31.27 in chips) 
Seat 3: 7farmaceft ($9.31 in chips) 
Seat 4: Danut Stoica ($18.64 in chips) 
Seat 5: PietTheHeat ($15.41 in chips) 
Seat 6: 3EBC96 ($10 in chips) 
7farmaceft: posts small blind $0.05
Danut Stoica: posts big blind $0.10
*** HOLE CARDS ***
PietTheHeat: raises $0.15 to $0.25
3EBC96: folds 
jsimshow_94: calls $0.25
Bono 1066: folds 
7farmaceft: folds 
Danut Stoica: folds 
*** FLOP *** [5h Ac 7s]
PietTheHeat: bets $0.31
jsimshow_94: folds 
Uncalled bet ($0.31) returned to PietTheHeat
PietTheHeat collected $0.62 from pot
PietTheHeat: doesn't show hand 
*** SUMMARY ***
Total pot $0.65 | Rake $0.03 
Board [5h Ac 7s]
Seat 1: jsimshow_94 folded on the Flop
Seat 2: Bono 1066 (button) folded before Flop (didn't bet)
Seat 3: 7farmaceft (small blind) folded before Flop
Seat 4: Danut Stoica (big blind) folded before Flop
Seat 5: PietTheHeat collected ($0.62)
Seat 6: 3EBC96 folded before Flop (didn't bet)



PokerStars Hand #222979194916:  Hold'em No Limit ($0.05/$0.10 USD) - 2021/01/23 19:08:14 ET
Table 'Odysseus III' 6-max Seat #3 is the button
Seat 1: jsimshow_94 ($6 in chips) 
Seat 2: Bono 1066 ($31.27 in chips) 
Seat 3: 7farmaceft ($9.26 in chips) 
Seat 4: Danut Stoica ($18.54 in chips) 
Seat 5: PietTheHeat ($15.78 in chips) 
Seat 6: 3EBC96 ($10 in chips) 
Danut Stoica: posts small blind $0.05
PietTheHeat: posts big blind $0.10
*** HOLE CARDS ***
3EBC96: folds 
jsimshow_94: calls $0.10
Bono 1066: folds 
7farmaceft: calls $0.10
Danut Stoica: folds 
PietTheHeat: checks 
*** FLOP *** [2d 8h Th]
PietTheHeat: checks 
jsimshow_94: checks 
7farmaceft: bets $0.30
PietTheHeat: folds 
jsimshow_94: folds 
Uncalled bet ($0.30) returned to 7farmaceft
7farmaceft collected $0.33 from pot
7farmaceft: doesn't show hand 
*** SUMMARY ***
Total pot $0.35 | Rake $0.02 
Board [2d 8h Th]
Seat 1: jsimshow_94 folded on the Flop
Seat 2: Bono 1066 folded before Flop (didn't bet)
Seat 3: 7farmaceft (button) collected ($0.33)
Seat 4: Danut Stoica (small blind) folded before Flop
Seat 5: PietTheHeat (big blind) folded on the Flop
Seat 6: 3EBC96 folded before Flop (didn't bet)



PokerStars Hand #222979211495:  Hold'em No Limit ($0.05/$0.10 USD) - 2021/01/23 19:08:44 ET
Table 'Odysseus III' 6-max Seat #4 is the button
Seat 1: jsimshow_94 ($5.90 in chips) 
Seat 2: Bono 1066 ($31.27 in chips) 
Seat 3: 7farmaceft ($9.49 in chips) 
Seat 4: Danut Stoica ($18.49 in chips) 
Seat 5: PietTheHeat ($15.68 in chips) 
Seat 6: 3EBC96 ($10 in chips) 
PietTheHeat: posts small blind $0.05
3EBC96: posts big blind $0.10
*** HOLE CARDS ***
jsimshow_94: calls $0.10
Bono 1066: folds 
7farmaceft: calls $0.10
Danut Stoica: raises $0.40 to $0.50
PietTheHeat: folds 
3EBC96: calls $0.40
jsimshow_94: calls $0.40
7farmaceft: folds 
*** FLOP *** [Qs 4h 2c]
3EBC96: checks 
jsimshow_94: checks 
Danut Stoica: checks 
*** TURN *** [Qs 4h 2c] [9s]
3EBC96: checks 
jsimshow_94: checks 
Danut Stoica: checks 
*** RIVER *** [Qs 4h 2c 9s] [7d]
3EBC96: checks 
jsimshow_94: bets $1.40
Danut Stoica: folds 
3EBC96: folds 
Uncalled bet ($1.40) returned to jsimshow_94
jsimshow_94 collected $1.58 from pot
jsimshow_94: doesn't show hand 
*** SUMMARY ***
Total pot $1.65 | Rake $0.07 
Board [Qs 4h 2c 9s 7d]
Seat 1: jsimshow_94 collected ($1.58)
Seat 2: Bono 1066 folded before Flop (didn't bet)
Seat 3: 7farmaceft folded before Flop
Seat 4: Danut Stoica (button) folded on the River
Seat 5: PietTheHeat (small blind) folded before Flop
Seat 6: 3EBC96 (big blind) folded on the River



PokerStars Hand #222979246612:  Hold'em No Limit ($0.05/$0.10 USD) - 2021/01/23 19:09:46 ET
Table 'Odysseus III' 6-max Seat #5 is the button
Seat 1: jsimshow_94 ($6.98 in chips) 
Seat 2: Bono 1066 ($31.27 in chips) 
Seat 3: 7farmaceft ($9.39 in chips) 
Seat 4: Danut Stoica ($17.99 in chips) 
Seat 5: PietTheHeat ($15.63 in chips) 
Seat 6: 3EBC96 ($10 in chips) 
3EBC96: posts small blind $0.05
jsimshow_94: posts big blind $0.10
*** HOLE CARDS ***
Bono 1066: calls $0.10
7farmaceft: folds 
Danut Stoica: raises $0.40 to $0.50
PietTheHeat: folds 
3EBC96: folds 
jsimshow_94: calls $0.40
Bono 1066: folds 
*** FLOP *** [6h 4h Qh]
jsimshow_94: bets $0.50
Danut Stoica: raises $1.09 to $1.59
jsimshow_94: folds 
Uncalled bet ($1.09) returned to Danut Stoica
Danut Stoica collected $2.05 from pot
Danut Stoica: doesn't show hand 
*** SUMMARY ***
Total pot $2.15 | Rake $0.10 
Board [6h 4h Qh]
Seat 1: jsimshow_94 (big blind) folded on the Flop
Seat 2: Bono 1066 folded before Flop
Seat 3: 7farmaceft folded before Flop (didn't bet)
Seat 4: Danut Stoica collected ($2.05)
Seat 5: PietTheHeat (button) folded before Flop (didn't bet)
Seat 6: 3EBC96 (small blind) folded before Flop



PokerStars Hand #222979273061:  Hold'em No Limit ($0.05/$0.10 USD) - 2021/01/23 19:10:33 ET
Table 'Odysseus III' 6-max Seat #6 is the button
Seat 1: jsimshow_94 ($5.98 in chips) 
Seat 2: Bono 1066 ($31.17 in chips) 
Seat 3: 7farmaceft ($9.39 in chips) 
Seat 4: Danut Stoica ($19.04 in chips) 
Seat 5: PietTheHeat ($15.63 in chips) 
Seat 6: 3EBC96 ($10 in chips) 
jsimshow_94: posts small blind $0.05
Bono 1066: posts big blind $0.10
*** HOLE CARDS ***
7farmaceft: calls $0.10
Danut Stoica: raises $0.40 to $0.50
PietTheHeat: folds 
3EBC96: calls $0.50
jsimshow_94: folds 
Bono 1066: calls $0.40
7farmaceft: calls $0.40
*** FLOP *** [8s 7c 6d]
Bono 1066: checks 
7farmaceft: bets $0.98
Danut Stoica: folds 
3EBC96: folds 
Bono 1066: folds 
Uncalled bet ($0.98) returned to 7farmaceft
7farmaceft collected $1.96 from pot
7farmaceft: doesn't show hand 
*** SUMMARY ***
Total pot $2.05 | Rake $0.09 
Board [8s 7c 6d]
Seat 1: jsimshow_94 (small blind) folded before Flop
Seat 2: Bono 1066 (big blind) folded on the Flop
Seat 3: 7farmaceft collected ($1.96)
Seat 4: Danut Stoica folded on the Flop
Seat 5: PietTheHeat folded before Flop (didn't bet)
Seat 6: 3EBC96 (button) folded on the Flop



PokerStars Hand #222979295523:  Hold'em No Limit ($0.05/$0.10 USD) - 2021/01/23 19:11:13 ET
Table 'Odysseus III' 6-max Seat #1 is the button
Seat 1: jsimshow_94 ($5.93 in chips) 
Seat 2: Bono 1066 ($30.67 in chips) 
Seat 3: 7farmaceft ($10.85 in chips) 
Seat 4: Danut Stoica ($18.54 in chips) 
Seat 5: PietTheHeat ($15.63 in chips) 
Seat 6: 3EBC96 ($10 in chips) 
Bono 1066: posts small blind $0.05
7farmaceft: posts big blind $0.10
*** HOLE CARDS ***
Danut Stoica: raises $0.20 to $0.30
PietTheHeat: folds 
3EBC96: raises $0.60 to $0.90
jsimshow_94: folds 
Bono 1066: folds 
7farmaceft: calls $0.80
Danut Stoica: folds 
*** FLOP *** [Kh 4s 2h]
7farmaceft: bets $1.02
3EBC96: folds 
Uncalled bet ($1.02) returned to 7farmaceft
7farmaceft collected $2.05 from pot
7farmaceft: doesn't show hand 
*** SUMMARY ***
Total pot $2.15 | Rake $0.10 
Board [Kh 4s 2h]
Seat 1: jsimshow_94 (button) folded before Flop (didn't bet)
Seat 2: Bono 1066 (small blind) folded before Flop
Seat 3: 7farmaceft (big blind) collected ($2.05)
Seat 4: Danut Stoica folded before Flop
Seat 5: PietTheHeat folded before Flop (didn't bet)
Seat 6: 3EBC96 folded on the Flop



PokerStars Hand #222979311621:  Hold'em No Limit ($0.05/$0.10 USD) - 2021/01/23 19:11:42 ET
Table 'Odysseus III' 6-max Seat #2 is the button
Seat 1: jsimshow_94 ($5.93 in chips) 
Seat 2: Bono 1066 ($30.62 in chips) 
Seat 3: 7farmaceft ($12 in chips) 
Seat 4: Danut Stoica ($18.24 in chips) 
Seat 5: PietTheHeat ($15.63 in chips) 
Seat 6: 3EBC96 ($10 in chips) 
7farmaceft: posts small blind $0.05
Danut Stoica: posts big blind $0.10
*** HOLE CARDS ***
PietTheHeat: folds 
3EBC96: folds 
jsimshow_94: raises $0.90 to $1
Bono 1066: folds 
7farmaceft: folds 
Danut Stoica: folds 
Uncalled bet ($0.90) returned to jsimshow_94
jsimshow_94 collected $0.25 from pot
jsimshow_94: doesn't show hand 
*** SUMMARY ***
Total pot $0.25 | Rake $0 
Seat 1: jsimshow_94 collected ($0.25)
Seat 2: Bono 1066 (button) folded before Flop (didn't bet)
Seat 3: 7farmaceft (small blind) folded before Flop
Seat 4: Danut Stoica (big blind) folded before Flop
Seat 5: PietTheHeat folded before Flop (didn't bet)
Seat 6: 3EBC96 folded before Flop (didn't bet)



PokerStars Hand #222979318567:  Hold'em No Limit ($0.05/$0.10 USD) - 2021/01/23 19:11:54 ET
Table 'Odysseus III' 6-max Seat #3 is the button
Seat 1: jsimshow_94 ($6.08 in chips) 
Seat 2: Bono 1066 ($30.62 in chips) 
Seat 3: 7farmaceft ($11.95 in chips) 
Seat 4: Danut Stoica ($18.14 in chips) 
Seat 5: PietTheHeat ($15.63 in chips) 
Seat 6: 3EBC96 ($10 in chips) 
Danut Stoica: posts small blind $0.05
PietTheHeat: posts big blind $0.10
*** HOLE CARDS ***
3EBC96: folds 
jsimshow_94: calls $0.10
Bono 1066: calls $0.10
7farmaceft: calls $0.10
Danut Stoica: folds 
PietTheHeat: checks 
*** FLOP *** [3c 8c 6c]
PietTheHeat: checks 
jsimshow_94: bets $1
Bono 1066: folds 
7farmaceft: folds 
PietTheHeat: folds 
Uncalled bet ($1) returned to jsimshow_94
jsimshow_94 collected $0.43 from pot
jsimshow_94: doesn't show hand 
*** SUMMARY ***
Total pot $0.45 | Rake $0.02 
Board [3c 8c 6c]
Seat 1: jsimshow_94 collected ($0.43)
Seat 2: Bono 1066 folded on the Flop
Seat 3: 7farmaceft (button) folded on the Flop
Seat 4: Danut Stoica (small blind) folded before Flop
Seat 5: PietTheHeat (big blind) folded on the Flop
Seat 6: 3EBC96 folded before Flop (didn't bet)



PokerStars Hand #222979331911:  Hold'em No Limit ($0.05/$0.10 USD) - 2021/01/23 19:12:18 ET
Table 'Odysseus III' 6-max Seat #4 is the button
Seat 1: jsimshow_94 ($6.41 in chips) 
Seat 2: Bono 1066 ($30.52 in chips) 
Seat 3: 7farmaceft ($11.85 in chips) 
Seat 4: Danut Stoica ($18.09 in chips) 
Seat 5: PietTheHeat ($15.53 in chips) 
Seat 6: 3EBC96 ($10 in chips) 
PietTheHeat: posts small blind $0.05
3EBC96: posts big blind $0.10
*** HOLE CARDS ***
jsimshow_94: calls $0.10
Bono 1066: calls $0.10
7farmaceft: folds 
Danut Stoica: folds 
PietTheHeat: calls $0.05
3EBC96: checks 
*** FLOP *** [5d 6s 7c]
PietTheHeat: checks 
3EBC96: checks 
jsimshow_94: bets $0.30
Bono 1066: folds 
PietTheHeat: folds 
3EBC96: folds 
Uncalled bet ($0.30) returned to jsimshow_94
jsimshow_94 collected $0.38 from pot
jsimshow_94: doesn't show hand 
*** SUMMARY ***
Total pot $0.40 | Rake $0.02 
Board [5d 6s 7c]
Seat 1: jsimshow_94 collected ($0.38)
Seat 2: Bono 1066 folded on the Flop
Seat 3: 7farmaceft folded before Flop (didn't bet)
Seat 4: Danut Stoica (button) folded before Flop (didn't bet)
Seat 5: PietTheHeat (small blind) folded on the Flop
Seat 6: 3EBC96 (big blind) folded on the Flop



PokerStars Hand #222979351633:  Hold'em No Limit ($0.05/$0.10 USD) - 2021/01/23 19:12:54 ET
Table 'Odysseus III' 6-max Seat #5 is the button
Seat 1: jsimshow_94 ($6.69 in chips) 
Seat 2: Bono 1066 ($30.42 in chips) 
Seat 3: 7farmaceft ($11.85 in chips) 
Seat 4: Danut Stoica ($18.09 in chips) 
Seat 5: PietTheHeat ($15.43 in chips) 
Seat 6: 3EBC96 ($10 in chips) 
3EBC96: posts small blind $0.05
jsimshow_94: posts big blind $0.10
*** HOLE CARDS ***
Bono 1066: folds 
7farmaceft: calls $0.10
Danut Stoica: raises $0.40 to $0.50
PietTheHeat: folds 
3EBC96: folds 
jsimshow_94: raises $0.50 to $1
7farmaceft: calls $0.90
Danut Stoica: calls $0.50
*** FLOP *** [Kd 8c 6h]
jsimshow_94: bets $5.69 and is all-in
7farmaceft: folds 
Danut Stoica: calls $5.69
*** TURN *** [Kd 8c 6h] [4c]
*** RIVER *** [Kd 8c 6h 4c] [6d]
*** SHOW DOWN ***
jsimshow_94: shows [Ac 9h] (a pair of Sixes)
Danut Stoica: shows [Jd Ks] (two pair, Kings and Sixes)
Danut Stoica collected $13.78 from pot
*** SUMMARY ***
Total pot $14.43 | Rake $0.65 
Board [Kd 8c 6h 4c 6d]
Seat 1: jsimshow_94 (big blind) showed [Ac 9h] and lost with a pair of Sixes
Seat 2: Bono 1066 folded before Flop (didn't bet)
Seat 3: 7farmaceft folded on the Flop
Seat 4: Danut Stoica showed [Jd Ks] and won ($13.78) with two pair, Kings and Sixes
Seat 5: PietTheHeat (button) folded before Flop (didn't bet)
Seat 6: 3EBC96 (small blind) folded before Flop



PokerStars Hand #222979380608:  Hold'em No Limit ($0.05/$0.10 USD) - 2021/01/23 19:13:46 ET
Table 'Odysseus III' 6-max Seat #6 is the button
Seat 2: Bono 1066 ($30.42 in chips) 
Seat 3: 7farmaceft ($10.85 in chips) 
Seat 4: Danut Stoica ($25.18 in chips) 
Seat 5: PietTheHeat ($15.43 in chips) 
Seat 6: 3EBC96 ($10 in chips) 
Bono 1066: posts small blind $0.05
7farmaceft: posts big blind $0.10
*** HOLE CARDS ***
Danut Stoica: raises $0.20 to $0.30
PietTheHeat: folds 
3EBC96: folds 
Bono 1066: calls $0.25
7farmaceft: calls $0.20
*** FLOP *** [7h Kd Th]
jsimshow_94 leaves the table
Bono 1066: checks 
7farmaceft: bets $0.43
Danut Stoica: calls $0.43
Bono 1066: calls $0.43
*** TURN *** [7h Kd Th] [8d]
Bono 1066: checks 
7farmaceft: checks 
Danut Stoica: checks 
*** RIVER *** [7h Kd Th 8d] [2d]
Bono 1066: checks 
7farmaceft: checks 
Danut Stoica: checks 
*** SHOW DOWN ***
Bono 1066: shows [Td Jc] (a pair of Tens)
7farmaceft: mucks hand 
Danut Stoica: mucks hand 
Bono 1066 collected $2.09 from pot
*** SUMMARY ***
Total pot $2.19 | Rake $0.10 
Board [7h Kd Th 8d 2d]
Seat 2: Bono 1066 (small blind) showed [Td Jc] and won ($2.09) with a pair of Tens
Seat 3: 7farmaceft (big blind) mucked
Seat 4: Danut Stoica mucked
Seat 5: PietTheHeat folded before Flop (didn't bet)
Seat 6: 3EBC96 (button) folded before Flop (didn't bet)



PokerStars Hand #222979408232:  Hold'em No Limit ($0.05/$0.10 USD) - 2021/01/23 19:14:36 ET
Table 'Odysseus III' 6-max Seat #2 is the button
Seat 2: Bono 1066 ($31.78 in chips) 
Seat 3: 7farmaceft ($10.12 in chips) 
Seat 4: Danut Stoica ($24.45 in chips) 
Seat 5: PietTheHeat ($15.43 in chips) 
Seat 6: 3EBC96 ($10 in chips) 
7farmaceft: posts small blind $0.05
Danut Stoica: posts big blind $0.10
*** HOLE CARDS ***
PietTheHeat: folds 
pondax joins the table at seat #1 
3EBC96: raises $0.20 to $0.30
Bono 1066: folds 
7farmaceft: folds 
Danut Stoica: folds 
Uncalled bet ($0.20) returned to 3EBC96
3EBC96 collected $0.25 from pot
3EBC96: doesn't show hand 
*** SUMMARY ***
Total pot $0.25 | Rake $0 
Seat 2: Bono 1066 (button) folded before Flop (didn't bet)
Seat 3: 7farmaceft (small blind) folded before Flop
Seat 4: Danut Stoica (big blind) folded before Flop
Seat 5: PietTheHeat folded before Flop (didn't bet)
Seat 6: 3EBC96 collected ($0.25)



PokerStars Hand #222979415335:  Hold'em No Limit ($0.05/$0.10 USD) - 2021/01/23 19:14:49 ET
Table 'Odysseus III' 6-max Seat #3 is the button
Seat 2: Bono 1066 ($31.78 in chips) 
Seat 3: 7farmaceft ($10.07 in chips) 
Seat 4: Danut Stoica ($24.35 in chips) 
Seat 5: PietTheHeat ($15.43 in chips) 
Seat 6: 3EBC96 ($10.15 in chips) 
Danut Stoica: posts small blind $0.05
PietTheHeat: posts big blind $0.10
pondax: sits out 
*** HOLE CARDS ***
3EBC96: folds 
Bono 1066: folds 
7farmaceft: raises $0.10 to $0.20
Danut Stoica: folds 
PietTheHeat: calls $0.10
*** FLOP *** [5c Jd 5h]
PietTheHeat: checks 
7farmaceft: bets $0.21
PietTheHeat: folds 
Uncalled bet ($0.21) returned to 7farmaceft
7farmaceft collected $0.43 from pot
7farmaceft: doesn't show hand 
*** SUMMARY ***
Total pot $0.45 | Rake $0.02 
Board [5c Jd 5h]
Seat 2: Bono 1066 folded before Flop (didn't bet)
Seat 3: 7farmaceft (button) collected ($0.43)
Seat 4: Danut Stoica (small blind) folded before Flop
Seat 5: PietTheHeat (big blind) folded on the Flop
Seat 6: 3EBC96 folded before Flop (didn't bet)



PokerStars Hand #222979428990:  Hold'em No Limit ($0.05/$0.10 USD) - 2021/01/23 19:15:14 ET
Table 'Odysseus III' 6-max Seat #4 is the button
Seat 2: Bono 1066 ($31.78 in chips) 
Seat 3: 7farmaceft ($10.30 in chips) 
Seat 4: Danut Stoica ($24.30 in chips) 
Seat 5: PietTheHeat ($15.23 in chips) 
Seat 6: 3EBC96 ($10.15 in chips) 
PietTheHeat: posts small blind $0.05
3EBC96: posts big blind $0.10
pondax: sits out 
*** HOLE CARDS ***
Bono 1066: folds 
7farmaceft: calls $0.10
Danut Stoica: folds 
PietTheHeat: folds 
3EBC96: raises $0.40 to $0.50
7farmaceft: calls $0.40
*** FLOP *** [9c 8d 6s]
3EBC96: checks 
7farmaceft: bets $0.50
3EBC96: folds 
Uncalled bet ($0.50) returned to 7farmaceft
7farmaceft collected $1 from pot
7farmaceft: doesn't show hand 
*** SUMMARY ***
Total pot $1.05 | Rake $0.05 
Board [9c 8d 6s]
Seat 2: Bono 1066 folded before Flop (didn't bet)
Seat 3: 7farmaceft collected ($1)
Seat 4: Danut Stoica (button) folded before Flop (didn't bet)
Seat 5: PietTheHeat (small blind) folded before Flop
Seat 6: 3EBC96 (big blind) folded on the Flop



PokerStars Hand #222979440576:  Hold'em No Limit ($0.05/$0.10 USD) - 2021/01/23 19:15:35 ET
Table 'Odysseus III' 6-max Seat #5 is the button
Seat 1: pondax ($10 in chips) 
Seat 2: Bono 1066 ($31.78 in chips) 
Seat 3: 7farmaceft ($10.80 in chips) 
Seat 4: Danut Stoica ($24.30 in chips) 
Seat 5: PietTheHeat ($15.18 in chips) 
Seat 6: 3EBC96 ($10 in chips) 
3EBC96: posts small blind $0.05
pondax: posts big blind $0.10
*** HOLE CARDS ***
Bono 1066: folds 
7farmaceft: folds 
Danut Stoica: folds 
PietTheHeat: raises $0.15 to $0.25
3EBC96: folds 
pondax: calls $0.15
*** FLOP *** [8c 9d 3c]
pondax: checks 
PietTheHeat: bets $0.30
pondax: calls $0.30
*** TURN *** [8c 9d 3c] [4c]
pondax: checks 
PietTheHeat: checks 
*** RIVER *** [8c 9d 3c 4c] [7h]
pondax: checks 
PietTheHeat: checks 
*** SHOW DOWN ***
pondax: shows [Js 8s] (a pair of Eights)
PietTheHeat: mucks hand 
pondax collected $1.10 from pot
*** SUMMARY ***
Total pot $1.15 | Rake $0.05 
Board [8c 9d 3c 4c 7h]
Seat 1: pondax (big blind) showed [Js 8s] and won ($1.10) with a pair of Eights
Seat 2: Bono 1066 folded before Flop (didn't bet)
Seat 3: 7farmaceft folded before Flop (didn't bet)
Seat 4: Danut Stoica folded before Flop (didn't bet)
Seat 5: PietTheHeat (button) mucked
Seat 6: 3EBC96 (small blind) folded before Flop



PokerStars Hand #222979468945:  Hold'em No Limit ($0.05/$0.10 USD) - 2021/01/23 19:16:26 ET
Table 'Odysseus III' 6-max Seat #6 is the button
Seat 1: pondax ($10.55 in chips) 
Seat 2: Bono 1066 ($31.78 in chips) 
Seat 3: 7farmaceft ($10.80 in chips) 
Seat 4: Danut Stoica ($24.30 in chips) 
Seat 5: PietTheHeat ($14.63 in chips) 
Seat 6: 3EBC96 ($10 in chips) 
pondax: posts small blind $0.05
Bono 1066: posts big blind $0.10
*** HOLE CARDS ***
7farmaceft: calls $0.10
Danut Stoica: folds 
PietTheHeat: folds 
3EBC96: folds 
pondax: folds 
Bono 1066: checks 
*** FLOP *** [Jc Ah 6h]
Bono 1066: checks 
7farmaceft: bets $0.12
Bono 1066: folds 
Uncalled bet ($0.12) returned to 7farmaceft
7farmaceft collected $0.24 from pot
7farmaceft: doesn't show hand 
*** SUMMARY ***
Total pot $0.25 | Rake $0.01 
Board [Jc Ah 6h]
Seat 1: pondax (small blind) folded before Flop
Seat 2: Bono 1066 (big blind) folded on the Flop
Seat 3: 7farmaceft collected ($0.24)
Seat 4: Danut Stoica folded before Flop (didn't bet)
Seat 5: PietTheHeat folded before Flop (didn't bet)
Seat 6: 3EBC96 (button) folded before Flop (didn't bet)



PokerStars Hand #222979482776:  Hold'em No Limit ($0.05/$0.10 USD) - 2021/01/23 19:16:52 ET
Table 'Odysseus III' 6-max Seat #1 is the button
Seat 1: pondax ($10.50 in chips) 
Seat 2: Bono 1066 ($31.68 in chips) 
Seat 3: 7farmaceft ($10.94 in chips) 
Seat 4: Danut Stoica ($24.30 in chips) 
Seat 5: PietTheHeat ($14.63 in chips) 
Seat 6: 3EBC96 ($10 in chips) 
Bono 1066: posts small blind $0.05
7farmaceft: posts big blind $0.10
*** HOLE CARDS ***
Danut Stoica: folds 
PietTheHeat: raises $0.20 to $0.30
3EBC96: calls $0.30
pondax: folds 
Bono 1066: folds 
7farmaceft: folds 
*** FLOP *** [Jc 3h 5d]
PietTheHeat: bets $0.40
3EBC96: calls $0.40
*** TURN *** [Jc 3h 5d] [8h]
PietTheHeat: bets $0.70
3EBC96: raises $1.44 to $2.14
PietTheHeat: folds 
Uncalled bet ($1.44) returned to 3EBC96
3EBC96 collected $2.82 from pot
3EBC96: doesn't show hand 
*** SUMMARY ***
Total pot $2.95 | Rake $0.13 
Board [Jc 3h 5d 8h]
Seat 1: pondax (button) folded before Flop (didn't bet)
Seat 2: Bono 1066 (small blind) folded before Flop
Seat 3: 7farmaceft (big blind) folded before Flop
Seat 4: Danut Stoica folded before Flop (didn't bet)
Seat 5: PietTheHeat folded on the Turn
Seat 6: 3EBC96 collected ($2.82)



PokerStars Hand #222979507882:  Hold'em No Limit ($0.05/$0.10 USD) - 2021/01/23 19:17:38 ET
Table 'Odysseus III' 6-max Seat #2 is the button
Seat 1: pondax ($10.50 in chips) 
Seat 2: Bono 1066 ($31.63 in chips) 
Seat 3: 7farmaceft ($10.84 in chips) 
Seat 4: Danut Stoica ($24.30 in chips) 
Seat 5: PietTheHeat ($13.23 in chips) 
Seat 6: 3EBC96 ($11.42 in chips) 
7farmaceft: posts small blind $0.05
Danut Stoica: posts big blind $0.10
*** HOLE CARDS ***
PietTheHeat: folds 
3EBC96: folds 
pondax: folds 
Bono 1066: raises $0.25 to $0.35
7farmaceft: calls $0.30
Danut Stoica: calls $0.25
*** FLOP *** [7c 5d Qh]
7farmaceft: bets $0.50
Danut Stoica: folds 
Bono 1066: folds 
Uncalled bet ($0.50) returned to 7farmaceft
7farmaceft collected $1 from pot
7farmaceft: doesn't show hand 
*** SUMMARY ***
Total pot $1.05 | Rake $0.05 
Board [7c 5d Qh]
Seat 1: pondax folded before Flop (didn't bet)
Seat 2: Bono 1066 (button) folded on the Flop
Seat 3: 7farmaceft (small blind) collected ($1)
Seat 4: Danut Stoica (big blind) folded on the Flop
Seat 5: PietTheHeat folded before Flop (didn't bet)
Seat 6: 3EBC96 folded before Flop (didn't bet)



PokerStars Hand #222979525220:  Hold'em No Limit ($0.05/$0.10 USD) - 2021/01/23 19:18:10 ET
Table 'Odysseus III' 6-max Seat #3 is the button
Seat 1: pondax ($10.50 in chips) 
Seat 2: Bono 1066 ($31.28 in chips) 
Seat 3: 7farmaceft ($11.49 in chips) 
Seat 4: Danut Stoica ($23.95 in chips) 
Seat 5: PietTheHeat ($13.23 in chips) 
Seat 6: 3EBC96 ($11.42 in chips) 
Danut Stoica: posts small blind $0.05
PietTheHeat: posts big blind $0.10
*** HOLE CARDS ***
3EBC96: folds 
pondax: folds 
Bono 1066: folds 
7farmaceft: calls $0.10
Danut Stoica: folds 
PietTheHeat: checks 
*** FLOP *** [Ah 4h Kh]
PietTheHeat: checks 
7farmaceft: bets $0.12
PietTheHeat: calls $0.12
*** TURN *** [Ah 4h Kh] [Ts]
PietTheHeat: checks 
7farmaceft: bets $0.23
PietTheHeat: calls $0.23
*** RIVER *** [Ah 4h Kh Ts] [Td]
PietTheHeat: bets $0.30
7farmaceft: folds 
Uncalled bet ($0.30) returned to PietTheHeat
PietTheHeat collected $0.91 from pot
PietTheHeat: doesn't show hand 
*** SUMMARY ***
Total pot $0.95 | Rake $0.04 
Board [Ah 4h Kh Ts Td]
Seat 1: pondax folded before Flop (didn't bet)
Seat 2: Bono 1066 folded before Flop (didn't bet)
Seat 3: 7farmaceft (button) folded on the River
Seat 4: Danut Stoica (small blind) folded before Flop
Seat 5: PietTheHeat (big blind) collected ($0.91)
Seat 6: 3EBC96 folded before Flop (didn't bet)



PokerStars Hand #222979549577:  Hold'em No Limit ($0.05/$0.10 USD) - 2021/01/23 19:18:55 ET
Table 'Odysseus III' 6-max Seat #4 is the button
Seat 1: pondax ($10.50 in chips) 
Seat 2: Bono 1066 ($31.28 in chips) 
Seat 3: 7farmaceft ($11.04 in chips) 
Seat 4: Danut Stoica ($23.90 in chips) 
Seat 5: PietTheHeat ($13.69 in chips) 
Seat 6: 3EBC96 ($11.42 in chips) 
PietTheHeat: posts small blind $0.05
3EBC96: posts big blind $0.10
*** HOLE CARDS ***
pondax: folds 
Bono 1066: calls $0.10
7farmaceft: folds 
Danut Stoica: folds 
PietTheHeat: calls $0.05
3EBC96: checks 
*** FLOP *** [8c 8s Th]
PietTheHeat: checks 
3EBC96: checks 
Bono 1066: checks 
*** TURN *** [8c 8s Th] [5s]
PietTheHeat: checks 
3EBC96: checks 
Bono 1066: checks 
*** RIVER *** [8c 8s Th 5s] [7d]
PietTheHeat: checks 
3EBC96: checks 
Bono 1066: bets $0.29
PietTheHeat: folds 
3EBC96: folds 
Uncalled bet ($0.29) returned to Bono 1066
Bono 1066 collected $0.29 from pot
Bono 1066: doesn't show hand 
*** SUMMARY ***
Total pot $0.30 | Rake $0.01 
Board [8c 8s Th 5s 7d]
Seat 1: pondax folded before Flop (didn't bet)
Seat 2: Bono 1066 collected ($0.29)
Seat 3: 7farmaceft folded before Flop (didn't bet)
Seat 4: Danut Stoica (button) folded before Flop (didn't bet)
Seat 5: PietTheHeat (small blind) folded on the River
Seat 6: 3EBC96 (big blind) folded on the River



PokerStars Hand #222979577823:  Hold'em No Limit ($0.05/$0.10 USD) - 2021/01/23 19:19:47 ET
Table 'Odysseus III' 6-max Seat #5 is the button
Seat 1: pondax ($10.50 in chips) 
Seat 2: Bono 1066 ($31.47 in chips) 
Seat 3: 7farmaceft ($11.04 in chips) 
Seat 4: Danut Stoica ($23.90 in chips) 
Seat 5: PietTheHeat ($13.59 in chips) 
Seat 6: 3EBC96 ($11.32 in chips) 
3EBC96: posts small blind $0.05
pondax: posts big blind $0.10
*** HOLE CARDS ***
Bono 1066: folds 
7farmaceft: calls $0.10
Danut Stoica: folds 
PietTheHeat: raises $0.30 to $0.40
3EBC96: folds 
pondax: folds 
7farmaceft: calls $0.30
*** FLOP *** [Ks 6s As]
7farmaceft: bets $0.45
PietTheHeat: calls $0.45
*** TURN *** [Ks 6s As] [3h]
7farmaceft: bets $0.88
PietTheHeat: calls $0.88
*** RIVER *** [Ks 6s As 3h] [8c]
7farmaceft: bets $1.72
PietTheHeat: calls $1.72
*** SHOW DOWN ***
7farmaceft: shows [Jd Qd] (high card Ace)
PietTheHeat: shows [Kd Qc] (a pair of Kings)
PietTheHeat collected $6.73 from pot
*** SUMMARY ***
Total pot $7.05 | Rake $0.32 
Board [Ks 6s As 3h 8c]
Seat 1: pondax (big blind) folded before Flop
Seat 2: Bono 1066 folded before Flop (didn't bet)
Seat 3: 7farmaceft showed [Jd Qd] and lost with high card Ace
Seat 4: Danut Stoica folded before Flop (didn't bet)
Seat 5: PietTheHeat (button) showed [Kd Qc] and won ($6.73) with a pair of Kings
Seat 6: 3EBC96 (small blind) folded before Flop



PokerStars Hand #222979607060:  Hold'em No Limit ($0.05/$0.10 USD) - 2021/01/23 19:20:42 ET
Table 'Odysseus III' 6-max Seat #6 is the button
Seat 1: pondax ($10.40 in chips) 
Seat 2: Bono 1066 ($31.47 in chips) 
Seat 3: 7farmaceft ($7.59 in chips) 
Seat 4: Danut Stoica ($23.90 in chips) 
Seat 5: PietTheHeat ($16.87 in chips) 
Seat 6: 3EBC96 ($11.27 in chips) 
pondax: posts small blind $0.05
Bono 1066: posts big blind $0.10
*** HOLE CARDS ***
7farmaceft: calls $0.10
Danut Stoica: folds 
PietTheHeat: raises $0.30 to $0.40
3EBC96: folds 
pondax: folds 
Bono 1066: folds 
7farmaceft: calls $0.30
*** FLOP *** [6h Ts 3s]
7farmaceft: checks 
PietTheHeat: bets $0.50
7farmaceft: folds 
Uncalled bet ($0.50) returned to PietTheHeat
PietTheHeat collected $0.91 from pot
PietTheHeat: doesn't show hand 
*** SUMMARY ***
Total pot $0.95 | Rake $0.04 
Board [6h Ts 3s]
Seat 1: pondax (small blind) folded before Flop
Seat 2: Bono 1066 (big blind) folded before Flop
Seat 3: 7farmaceft folded on the Flop
Seat 4: Danut Stoica folded before Flop (didn't bet)
Seat 5: PietTheHeat collected ($0.91)
Seat 6: 3EBC96 (button) folded before Flop (didn't bet)



PokerStars Hand #222979623966:  Hold'em No Limit ($0.05/$0.10 USD) - 2021/01/23 19:21:13 ET
Table 'Odysseus III' 6-max Seat #1 is the button
Seat 1: pondax ($10.35 in chips) 
Seat 2: Bono 1066 ($31.37 in chips) 
Seat 3: 7farmaceft ($7.19 in chips) 
Seat 4: Danut Stoica ($23.90 in chips) 
Seat 5: PietTheHeat ($17.38 in chips) 
Seat 6: 3EBC96 ($11.27 in chips) 
Bono 1066: posts small blind $0.05
7farmaceft: posts big blind $0.10
*** HOLE CARDS ***
Danut Stoica: folds 
PietTheHeat: raises $0.15 to $0.25
3EBC96: folds 
pondax: folds 
Bono 1066: folds 
7farmaceft: calls $0.15
*** FLOP *** [3d Th 9h]
7farmaceft: bets $0.10
PietTheHeat: raises $0.30 to $0.40
7farmaceft: calls $0.30
*** TURN *** [3d Th 9h] [6h]
7farmaceft: checks 
PietTheHeat: checks 
*** RIVER *** [3d Th 9h 6h] [Jc]
7farmaceft: bets $1.54
PietTheHeat: calls $1.54
*** SHOW DOWN ***
7farmaceft: shows [5c 5d] (a pair of Fives)
PietTheHeat: shows [Js Ad] (a pair of Jacks)
PietTheHeat collected $4.23 from pot
*** SUMMARY ***
Total pot $4.43 | Rake $0.20 
Board [3d Th 9h 6h Jc]
Seat 1: pondax (button) folded before Flop (didn't bet)
Seat 2: Bono 1066 (small blind) folded before Flop
Seat 3: 7farmaceft (big blind) showed [5c 5d] and lost with a pair of Fives
Seat 4: Danut Stoica folded before Flop (didn't bet)
Seat 5: PietTheHeat showed [Js Ad] and won ($4.23) with a pair of Jacks
Seat 6: 3EBC96 folded before Flop (didn't bet)



PokerStars Hand #222979651072:  Hold'em No Limit ($0.05/$0.10 USD) - 2021/01/23 19:22:04 ET
Table 'Odysseus III' 6-max Seat #2 is the button
Seat 1: pondax ($10.35 in chips) 
Seat 2: Bono 1066 ($31.32 in chips) 
Seat 3: 7farmaceft ($5 in chips) 
Seat 4: Danut Stoica ($23.90 in chips) 
Seat 5: PietTheHeat ($19.42 in chips) 
Seat 6: 3EBC96 ($11.27 in chips) 
7farmaceft: posts small blind $0.05
Danut Stoica: posts big blind $0.10
*** HOLE CARDS ***
PietTheHeat: folds 
3EBC96: folds 
pondax: folds 
Bono 1066: folds 
7farmaceft: folds 
Uncalled bet ($0.05) returned to Danut Stoica
Danut Stoica collected $0.10 from pot
Danut Stoica: doesn't show hand 
*** SUMMARY ***
Total pot $0.10 | Rake $0 
Seat 1: pondax folded before Flop (didn't bet)
Seat 2: Bono 1066 (button) folded before Flop (didn't bet)
Seat 3: 7farmaceft (small blind) folded before Flop
Seat 4: Danut Stoica (big blind) collected ($0.10)
Seat 5: PietTheHeat folded before Flop (didn't bet)
Seat 6: 3EBC96 folded before Flop (didn't bet)



PokerStars Hand #222979660263:  Hold'em No Limit ($0.05/$0.10 USD) - 2021/01/23 19:22:22 ET
Table 'Odysseus III' 6-max Seat #3 is the button
Seat 1: pondax ($10.35 in chips) 
Seat 2: Bono 1066 ($31.32 in chips) 
Seat 3: 7farmaceft ($4.95 in chips) 
Seat 4: Danut Stoica ($23.95 in chips) 
Seat 5: PietTheHeat ($19.42 in chips) 
Seat 6: 3EBC96 ($11.27 in chips) 
Danut Stoica: posts small blind $0.05
PietTheHeat: posts big blind $0.10
*** HOLE CARDS ***
3EBC96: folds 
pondax: folds 
Bono 1066: folds 
7farmaceft: folds 
Danut Stoica: raises $0.20 to $0.30
PietTheHeat: calls $0.20
*** FLOP *** [5d 6h 9h]
Danut Stoica: checks 
PietTheHeat: bets $0.30
Danut Stoica: calls $0.30
*** TURN *** [5d 6h 9h] [6s]
Danut Stoica: checks 
PietTheHeat: checks 
*** RIVER *** [5d 6h 9h 6s] [6d]
Danut Stoica: checks 
PietTheHeat: bets $0.80
Danut Stoica: calls $0.80
*** SHOW DOWN ***
PietTheHeat: shows [Td Qd] (three of a kind, Sixes)
Danut Stoica: shows [8h 9d] (a full house, Sixes full of Nines)
Danut Stoica collected $2.67 from pot
*** SUMMARY ***
Total pot $2.80 | Rake $0.13 
Board [5d 6h 9h 6s 6d]
Seat 1: pondax folded before Flop (didn't bet)
Seat 2: Bono 1066 folded before Flop (didn't bet)
Seat 3: 7farmaceft (button) folded before Flop (didn't bet)
Seat 4: Danut Stoica (small blind) showed [8h 9d] and won ($2.67) with a full house, Sixes full of Nines
Seat 5: PietTheHeat (big blind) showed [Td Qd] and lost with three of a kind, Sixes
Seat 6: 3EBC96 folded before Flop (didn't bet)



PokerStars Hand #222979683823:  Hold'em No Limit ($0.05/$0.10 USD) - 2021/01/23 19:23:06 ET
Table 'Odysseus III' 6-max Seat #4 is the button
Seat 1: pondax ($10.35 in chips) 
Seat 2: Bono 1066 ($31.32 in chips) 
Seat 3: 7farmaceft ($4.95 in chips) 
Seat 4: Danut Stoica ($25.22 in chips) 
Seat 5: PietTheHeat ($18.02 in chips) 
Seat 6: 3EBC96 ($11.27 in chips) 
PietTheHeat: posts small blind $0.05
3EBC96: posts big blind $0.10
*** HOLE CARDS ***
pondax: folds 
Bono 1066: folds 
7farmaceft: calls $0.10
Danut Stoica: folds 
PietTheHeat: calls $0.05
3EBC96: checks 
*** FLOP *** [5d Qd Jc]
PietTheHeat: checks 
3EBC96: checks 
7farmaceft: checks 
*** TURN *** [5d Qd Jc] [Ts]
PietTheHeat: checks 
3EBC96: checks 
7farmaceft: checks 
*** RIVER *** [5d Qd Jc Ts] [7h]
PietTheHeat: checks 
3EBC96: checks 
7farmaceft: checks 
*** SHOW DOWN ***
PietTheHeat: shows [7c 4h] (a pair of Sevens)
3EBC96: mucks hand 
7farmaceft: shows [9h 7s] (a pair of Sevens)
PietTheHeat collected $0.15 from pot
7farmaceft collected $0.14 from pot
*** SUMMARY ***
Total pot $0.30 | Rake $0.01 
Board [5d Qd Jc Ts 7h]
Seat 1: pondax folded before Flop (didn't bet)
Seat 2: Bono 1066 folded before Flop (didn't bet)
Seat 3: 7farmaceft showed [9h 7s] and won ($0.14) with a pair of Sevens
Seat 4: Danut Stoica (button) folded before Flop (didn't bet)
Seat 5: PietTheHeat (small blind) showed [7c 4h] and won ($0.15) with a pair of Sevens
Seat 6: 3EBC96 (big blind) mucked



PokerStars Hand #222979699605:  Hold'em No Limit ($0.05/$0.10 USD) - 2021/01/23 19:23:35 ET
Table 'Odysseus III' 6-max Seat #5 is the button
Seat 1: pondax ($10.35 in chips) 
Seat 2: Bono 1066 ($31.32 in chips) 
Seat 3: 7farmaceft ($4.99 in chips) 
Seat 4: Danut Stoica ($25.22 in chips) 
Seat 5: PietTheHeat ($18.07 in chips) 
Seat 6: 3EBC96 ($11.17 in chips) 
3EBC96: posts small blind $0.05
pondax: posts big blind $0.10
*** HOLE CARDS ***
Bono 1066: folds 
7farmaceft: calls $0.10
Danut Stoica: folds 
PietTheHeat: calls $0.10
3EBC96: folds 
pondax: checks 
*** FLOP *** [3d 8s 8c]
pondax: checks 
7farmaceft: checks 
PietTheHeat: checks 
*** TURN *** [3d 8s 8c] [6c]
pondax: checks 
7farmaceft: checks 
PietTheHeat: bets $0.20
pondax: calls $0.20
7farmaceft: folds 
*** RIVER *** [3d 8s 8c 6c] [Ac]
pondax: checks 
PietTheHeat: bets $0.20
pondax: folds 
Uncalled bet ($0.20) returned to PietTheHeat
PietTheHeat collected $0.72 from pot
PietTheHeat: doesn't show hand 
*** SUMMARY ***
Total pot $0.75 | Rake $0.03 
Board [3d 8s 8c 6c Ac]
Seat 1: pondax (big blind) folded on the River
Seat 2: Bono 1066 folded before Flop (didn't bet)
Seat 3: 7farmaceft folded on the Turn
Seat 4: Danut Stoica folded before Flop (didn't bet)
Seat 5: PietTheHeat (button) collected ($0.72)
Seat 6: 3EBC96 (small blind) folded before Flop



PokerStars Hand #222979721352:  Hold'em No Limit ($0.05/$0.10 USD) - 2021/01/23 19:24:17 ET
Table 'Odysseus III' 6-max Seat #6 is the button
Seat 1: pondax ($10.05 in chips) 
Seat 2: Bono 1066 ($31.32 in chips) 
Seat 3: 7farmaceft ($4.89 in chips) 
Seat 4: Danut Stoica ($25.22 in chips) 
Seat 5: PietTheHeat ($18.49 in chips) 
Seat 6: 3EBC96 ($11.12 in chips) 
pondax: posts small blind $0.05
Bono 1066: posts big blind $0.10
*** HOLE CARDS ***
7farmaceft: calls $0.10
Danut Stoica: folds 
PietTheHeat: folds 
3EBC96: raises $0.20 to $0.30
pondax: folds 
Bono 1066: folds 
7farmaceft: calls $0.20
*** FLOP *** [3s Td Tc]
7farmaceft: checks 
3EBC96: bets $0.24
7farmaceft: folds 
Uncalled bet ($0.24) returned to 3EBC96
3EBC96 collected $0.72 from pot
3EBC96: doesn't show hand 
*** SUMMARY ***
Total pot $0.75 | Rake $0.03 
Board [3s Td Tc]
Seat 1: pondax (small blind) folded before Flop
Seat 2: Bono 1066 (big blind) folded before Flop
Seat 3: 7farmaceft folded on the Flop
Seat 4: Danut Stoica folded before Flop (didn't bet)
Seat 5: PietTheHeat folded before Flop (didn't bet)
Seat 6: 3EBC96 (button) collected ($0.72)



PokerStars Hand #222979736045:  Hold'em No Limit ($0.05/$0.10 USD) - 2021/01/23 19:24:44 ET
Table 'Odysseus III' 6-max Seat #1 is the button
Seat 1: pondax ($10 in chips) 
Seat 2: Bono 1066 ($31.22 in chips) 
Seat 3: 7farmaceft ($4.59 in chips) 
Seat 4: Danut Stoica ($25.22 in chips) 
Seat 5: PietTheHeat ($18.49 in chips) 
Seat 6: 3EBC96 ($11.54 in chips) 
Bono 1066: posts small blind $0.05
7farmaceft: posts big blind $0.10
*** HOLE CARDS ***
Danut Stoica: folds 
PietTheHeat: folds 
3EBC96: raises $0.20 to $0.30
pondax: folds 
Bono 1066: folds 
7farmaceft: folds 
Uncalled bet ($0.20) returned to 3EBC96
3EBC96 collected $0.25 from pot
3EBC96: doesn't show hand 
*** SUMMARY ***
Total pot $0.25 | Rake $0 
Seat 1: pondax (button) folded before Flop (didn't bet)
Seat 2: Bono 1066 (small blind) folded before Flop
Seat 3: 7farmaceft (big blind) folded before Flop
Seat 4: Danut Stoica folded before Flop (didn't bet)
Seat 5: PietTheHeat folded before Flop (didn't bet)
Seat 6: 3EBC96 collected ($0.25)



PokerStars Hand #222979741826:  Hold'em No Limit ($0.05/$0.10 USD) - 2021/01/23 19:24:55 ET
Table 'Odysseus III' 6-max Seat #2 is the button
Seat 1: pondax ($10 in chips) 
Seat 2: Bono 1066 ($31.17 in chips) 
Seat 3: 7farmaceft ($4.49 in chips) 
Seat 4: Danut Stoica ($25.22 in chips) 
Seat 5: PietTheHeat ($18.49 in chips) 
Seat 6: 3EBC96 ($11.69 in chips) 
7farmaceft: posts small blind $0.05
Danut Stoica: posts big blind $0.10
*** HOLE CARDS ***
PietTheHeat: folds 
3EBC96: folds 
pondax: raises $0.20 to $0.30
Bono 1066: folds 
7farmaceft: folds 
Danut Stoica: raises $0.90 to $1.20
pondax: folds 
Uncalled bet ($0.90) returned to Danut Stoica
Danut Stoica collected $0.65 from pot
Danut Stoica: doesn't show hand 
*** SUMMARY ***
Total pot $0.65 | Rake $0 
Seat 1: pondax folded before Flop
Seat 2: Bono 1066 (button) folded before Flop (didn't bet)
Seat 3: 7farmaceft (small blind) folded before Flop
Seat 4: Danut Stoica (big blind) collected ($0.65)
Seat 5: PietTheHeat folded before Flop (didn't bet)
Seat 6: 3EBC96 folded before Flop (didn't bet)



PokerStars Hand #222979753618:  Hold'em No Limit ($0.05/$0.10 USD) - 2021/01/23 19:25:18 ET
Table 'Odysseus III' 6-max Seat #3 is the button
Seat 1: pondax ($10 in chips) 
Seat 2: Bono 1066 ($31.17 in chips) 
Seat 3: 7farmaceft ($4.44 in chips) 
Seat 4: Danut Stoica ($25.57 in chips) 
Seat 5: PietTheHeat ($18.49 in chips) 
Seat 6: 3EBC96 ($11.69 in chips) 
Danut Stoica: posts small blind $0.05
PietTheHeat: posts big blind $0.10
*** HOLE CARDS ***
3EBC96: folds 
pondax: folds 
Bono 1066: folds 
7farmaceft: calls $0.10
Danut Stoica: folds 
PietTheHeat: checks 
*** FLOP *** [Kc 7h Th]
PietTheHeat: checks 
7farmaceft: checks 
*** TURN *** [Kc 7h Th] [7s]
PietTheHeat: checks 
7farmaceft: bets $0.20
PietTheHeat: calls $0.20
*** RIVER *** [Kc 7h Th 7s] [5d]
PietTheHeat: checks 
7farmaceft: bets $0.62
PietTheHeat: folds 
Uncalled bet ($0.62) returned to 7farmaceft
7farmaceft collected $0.62 from pot
7farmaceft: doesn't show hand 
*** SUMMARY ***
Total pot $0.65 | Rake $0.03 
Board [Kc 7h Th 7s 5d]
Seat 1: pondax folded before Flop (didn't bet)
Seat 2: Bono 1066 folded before Flop (didn't bet)
Seat 3: 7farmaceft (button) collected ($0.62)
Seat 4: Danut Stoica (small blind) folded before Flop
Seat 5: PietTheHeat (big blind) folded on the River
Seat 6: 3EBC96 folded before Flop (didn't bet)



PokerStars Hand #222979777246:  Hold'em No Limit ($0.05/$0.10 USD) - 2021/01/23 19:26:02 ET
Table 'Odysseus III' 6-max Seat #4 is the button
Seat 1: pondax ($10 in chips) 
Seat 2: Bono 1066 ($31.17 in chips) 
Seat 3: 7farmaceft ($4.76 in chips) 
Seat 4: Danut Stoica ($25.52 in chips) 
Seat 5: PietTheHeat ($18.19 in chips) 
Seat 6: 3EBC96 ($11.69 in chips) 
PietTheHeat: posts small blind $0.05
3EBC96: posts big blind $0.10
*** HOLE CARDS ***
pondax: folds 
Bono 1066: folds 
7farmaceft: folds 
Danut Stoica: folds 
PietTheHeat: folds 
Uncalled bet ($0.05) returned to 3EBC96
3EBC96 collected $0.10 from pot
3EBC96: doesn't show hand 
*** SUMMARY ***
Total pot $0.10 | Rake $0 
Seat 1: pondax folded before Flop (didn't bet)
Seat 2: Bono 1066 folded before Flop (didn't bet)
Seat 3: 7farmaceft folded before Flop (didn't bet)
Seat 4: Danut Stoica (button) folded before Flop (didn't bet)
Seat 5: PietTheHeat (small blind) folded before Flop
Seat 6: 3EBC96 (big blind) collected ($0.10)



PokerStars Hand #222979782417:  Hold'em No Limit ($0.05/$0.10 USD) - 2021/01/23 19:26:12 ET
Table 'Odysseus III' 6-max Seat #5 is the button
Seat 1: pondax ($10 in chips) 
Seat 2: Bono 1066 ($31.17 in chips) 
Seat 3: 7farmaceft ($4.76 in chips) 
Seat 4: Danut Stoica ($25.52 in chips) 
Seat 5: PietTheHeat ($18.14 in chips) 
Seat 6: 3EBC96 ($11.74 in chips) 
3EBC96: posts small blind $0.05
pondax: posts big blind $0.10
*** HOLE CARDS ***
Bono 1066: folds 
7farmaceft: folds 
Danut Stoica: folds 
PietTheHeat: folds 
3EBC96: raises $0.20 to $0.30
pondax: folds 
Uncalled bet ($0.20) returned to 3EBC96
3EBC96 collected $0.20 from pot
3EBC96: doesn't show hand 
*** SUMMARY ***
Total pot $0.20 | Rake $0 
Seat 1: pondax (big blind) folded before Flop
Seat 2: Bono 1066 folded before Flop (didn't bet)
Seat 3: 7farmaceft folded before Flop (didn't bet)
Seat 4: Danut Stoica folded before Flop (didn't bet)
Seat 5: PietTheHeat (button) folded before Flop (didn't bet)
Seat 6: 3EBC96 (small blind) collected ($0.20)



PokerStars Hand #222979790664:  Hold'em No Limit ($0.05/$0.10 USD) - 2021/01/23 19:26:28 ET
Table 'Odysseus III' 6-max Seat #6 is the button
Seat 1: pondax ($9.90 in chips) 
Seat 2: Bono 1066 ($31.17 in chips) 
Seat 3: 7farmaceft ($4.76 in chips) 
Seat 4: Danut Stoica ($25.52 in chips) 
Seat 5: PietTheHeat ($18.14 in chips) 
Seat 6: 3EBC96 ($11.84 in chips) 
pondax: posts small blind $0.05
Bono 1066: posts big blind $0.10
*** HOLE CARDS ***
7farmaceft: folds 
Danut Stoica: folds 
PietTheHeat: raises $0.20 to $0.30
3EBC96: folds 
pondax: folds 
Bono 1066: calls $0.20
*** FLOP *** [4s 8s Qs]
Bono 1066: checks 
PietTheHeat: bets $0.30
Bono 1066: folds 
Uncalled bet ($0.30) returned to PietTheHeat
PietTheHeat collected $0.62 from pot
PietTheHeat: doesn't show hand 
*** SUMMARY ***
Total pot $0.65 | Rake $0.03 
Board [4s 8s Qs]
Seat 1: pondax (small blind) folded before Flop
Seat 2: Bono 1066 (big blind) folded on the Flop
Seat 3: 7farmaceft folded before Flop (didn't bet)
Seat 4: Danut Stoica folded before Flop (didn't bet)
Seat 5: PietTheHeat collected ($0.62)
Seat 6: 3EBC96 (button) folded before Flop (didn't bet)



PokerStars Hand #222979818323:  Hold'em No Limit ($0.05/$0.10 USD) - 2021/01/23 19:27:16 ET
Table 'Odysseus III' 6-max Seat #1 is the button
Seat 1: pondax ($10 in chips) 
Seat 2: Bono 1066 ($30.87 in chips) 
Seat 3: 7farmaceft ($4.76 in chips) 
Seat 4: Danut Stoica ($25.52 in chips) 
Seat 5: PietTheHeat ($18.46 in chips) 
Seat 6: 3EBC96 ($11.84 in chips) 
Bono 1066: posts small blind $0.05
7farmaceft: posts big blind $0.10
*** HOLE CARDS ***
Danut Stoica: folds 
PietTheHeat: raises $0.20 to $0.30
3EBC96: folds 
pondax: folds 
Bono 1066: folds 
7farmaceft: calls $0.20
*** FLOP *** [Js Kh Ad]
7farmaceft: checks 
PietTheHeat: bets $0.40
7farmaceft: folds 
Uncalled bet ($0.40) returned to PietTheHeat
PietTheHeat collected $0.62 from pot
PietTheHeat: doesn't show hand 
*** SUMMARY ***
Total pot $0.65 | Rake $0.03 
Board [Js Kh Ad]
Seat 1: pondax (button) folded before Flop (didn't bet)
Seat 2: Bono 1066 (small blind) folded before Flop
Seat 3: 7farmaceft (big blind) folded on the Flop
Seat 4: Danut Stoica folded before Flop (didn't bet)
Seat 5: PietTheHeat collected ($0.62)
Seat 6: 3EBC96 folded before Flop (didn't bet)



PokerStars Hand #222979830540:  Hold'em No Limit ($0.05/$0.10 USD) - 2021/01/23 19:27:39 ET
Table 'Odysseus III' 6-max Seat #2 is the button
Seat 1: pondax ($10 in chips) 
Seat 2: Bono 1066 ($30.82 in chips) 
Seat 3: 7farmaceft ($4.46 in chips) 
Seat 4: Danut Stoica ($25.52 in chips) 
Seat 5: PietTheHeat ($18.78 in chips) 
Seat 6: 3EBC96 ($11.84 in chips) 
7farmaceft: posts small blind $0.05
Danut Stoica: posts big blind $0.10
*** HOLE CARDS ***
PietTheHeat: folds 
3EBC96: folds 
pondax: folds 
Bono 1066: calls $0.10
7farmaceft: calls $0.05
Danut Stoica: raises $0.40 to $0.50
Bono 1066: calls $0.40
7farmaceft: folds 
*** FLOP *** [4c 7s Ac]
Danut Stoica: bets $0.55
Bono 1066: folds 
Uncalled bet ($0.55) returned to Danut Stoica
Danut Stoica collected $1.05 from pot
Danut Stoica: doesn't show hand 
*** SUMMARY ***
Total pot $1.10 | Rake $0.05 
Board [4c 7s Ac]
Seat 1: pondax folded before Flop (didn't bet)
Seat 2: Bono 1066 (button) folded on the Flop
Seat 3: 7farmaceft (small blind) folded before Flop
Seat 4: Danut Stoica (big blind) collected ($1.05)
Seat 5: PietTheHeat folded before Flop (didn't bet)
Seat 6: 3EBC96 folded before Flop (didn't bet)



PokerStars Hand #222979858493:  Hold'em No Limit ($0.05/$0.10 USD) - 2021/01/23 19:28:32 ET
Table 'Odysseus III' 6-max Seat #3 is the button
Seat 1: pondax ($10 in chips) 
Seat 2: Bono 1066 ($30.32 in chips) 
Seat 3: 7farmaceft ($4.36 in chips) 
Seat 4: Danut Stoica ($26.07 in chips) 
Seat 5: PietTheHeat ($18.78 in chips) 
Seat 6: 3EBC96 ($11.84 in chips) 
Danut Stoica: posts small blind $0.05
PietTheHeat: posts big blind $0.10
*** HOLE CARDS ***
3EBC96: folds 
pondax: folds 
Bono 1066: folds 
7farmaceft: calls $0.10
Danut Stoica: raises $0.40 to $0.50
PietTheHeat: folds 
7farmaceft: calls $0.40
*** FLOP *** [6s Qd 8h]
Danut Stoica: bets $0.60
7farmaceft: raises $0.60 to $1.20
Danut Stoica: calls $0.60
*** TURN *** [6s Qd 8h] [3c]
Danut Stoica: checks 
7farmaceft: checks 
*** RIVER *** [6s Qd 8h 3c] [As]
Danut Stoica: checks 
7farmaceft: checks 
*** SHOW DOWN ***
Danut Stoica: shows [Kh Kc] (a pair of Kings)
7farmaceft: shows [Ac 4s] (a pair of Aces)
7farmaceft collected $3.34 from pot
*** SUMMARY ***
Total pot $3.50 | Rake $0.16 
Board [6s Qd 8h 3c As]
Seat 1: pondax folded before Flop (didn't bet)
Seat 2: Bono 1066 folded before Flop (didn't bet)
Seat 3: 7farmaceft (button) showed [Ac 4s] and won ($3.34) with a pair of Aces
Seat 4: Danut Stoica (small blind) showed [Kh Kc] and lost with a pair of Kings
Seat 5: PietTheHeat (big blind) folded before Flop
Seat 6: 3EBC96 folded before Flop (didn't bet)



PokerStars Hand #222979887295:  Hold'em No Limit ($0.05/$0.10 USD) - 2021/01/23 19:29:27 ET
Table 'Odysseus III' 6-max Seat #4 is the button
Seat 1: pondax ($10 in chips) 
Seat 2: Bono 1066 ($30.32 in chips) 
Seat 3: 7farmaceft ($6 in chips) 
Seat 4: Danut Stoica ($24.37 in chips) 
Seat 5: PietTheHeat ($18.68 in chips) 
Seat 6: 3EBC96 ($11.84 in chips) 
PietTheHeat: posts small blind $0.05
3EBC96: posts big blind $0.10
*** HOLE CARDS ***
pondax: folds 
Bono 1066: folds 
7farmaceft: folds 
Danut Stoica: raises $0.15 to $0.25
PietTheHeat: folds 
3EBC96: folds 
Uncalled bet ($0.15) returned to Danut Stoica
Danut Stoica collected $0.25 from pot
Danut Stoica: doesn't show hand 
*** SUMMARY ***
Total pot $0.25 | Rake $0 
Seat 1: pondax folded before Flop (didn't bet)
Seat 2: Bono 1066 folded before Flop (didn't bet)
Seat 3: 7farmaceft folded before Flop (didn't bet)
Seat 4: Danut Stoica (button) collected ($0.25)
Seat 5: PietTheHeat (small blind) folded before Flop
Seat 6: 3EBC96 (big blind) folded before Flop



PokerStars Hand #222979899313:  Hold'em No Limit ($0.05/$0.10 USD) - 2021/01/23 19:29:51 ET
Table 'Odysseus III' 6-max Seat #5 is the button
Seat 1: pondax ($10 in chips) 
Seat 2: Bono 1066 ($30.32 in chips) 
Seat 3: 7farmaceft ($6 in chips) 
Seat 4: Danut Stoica ($24.52 in chips) 
Seat 5: PietTheHeat ($18.63 in chips) 
Seat 6: 3EBC96 ($11.74 in chips) 
3EBC96: posts small blind $0.05
pondax: posts big blind $0.10
*** HOLE CARDS ***
Bono 1066: folds 
7farmaceft: folds 
Danut Stoica: folds 
PietTheHeat: folds 
3EBC96: folds 
Uncalled bet ($0.05) returned to pondax
pondax collected $0.10 from pot
pondax: doesn't show hand 
*** SUMMARY ***
Total pot $0.10 | Rake $0 
Seat 1: pondax (big blind) collected ($0.10)
Seat 2: Bono 1066 folded before Flop (didn't bet)
Seat 3: 7farmaceft folded before Flop (didn't bet)
Seat 4: Danut Stoica folded before Flop (didn't bet)
Seat 5: PietTheHeat (button) folded before Flop (didn't bet)
Seat 6: 3EBC96 (small blind) folded before Flop



PokerStars Hand #222979916398:  Hold'em No Limit ($0.05/$0.10 USD) - 2021/01/23 19:30:23 ET
Table 'Odysseus III' 6-max Seat #6 is the button
Seat 1: pondax ($10.05 in chips) 
Seat 2: Bono 1066 ($30.32 in chips) 
Seat 3: 7farmaceft ($6 in chips) 
Seat 4: Danut Stoica ($24.52 in chips) 
Seat 5: PietTheHeat ($18.63 in chips) 
Seat 6: 3EBC96 ($11.69 in chips) 
pondax: posts small blind $0.05
Bono 1066: posts big blind $0.10
*** HOLE CARDS ***
7farmaceft: folds 
Danut Stoica: folds 
PietTheHeat: folds 
3EBC96: folds 
pondax: folds 
Uncalled bet ($0.05) returned to Bono 1066
Bono 1066 collected $0.10 from pot
Bono 1066: doesn't show hand 
7farmaceft leaves the table
*** SUMMARY ***
Total pot $0.10 | Rake $0 
Seat 1: pondax (small blind) folded before Flop
Seat 2: Bono 1066 (big blind) collected ($0.10)
Seat 3: 7farmaceft folded before Flop (didn't bet)
Seat 4: Danut Stoica folded before Flop (didn't bet)
Seat 5: PietTheHeat folded before Flop (didn't bet)
Seat 6: 3EBC96 (button) folded before Flop (didn't bet)



PokerStars Hand #222979924144:  Hold'em No Limit ($0.05/$0.10 USD) - 2021/01/23 19:30:38 ET
Table 'Odysseus III' 6-max Seat #1 is the button
Seat 1: pondax ($10 in chips) 
Seat 2: Bono 1066 ($30.37 in chips) 
Seat 4: Danut Stoica ($24.52 in chips) 
Seat 5: PietTheHeat ($18.63 in chips) 
Seat 6: 3EBC96 ($11.69 in chips) 
Bono 1066: posts small blind $0.05
Danut Stoica: posts big blind $0.10
*** HOLE CARDS ***
sAsscha17 joins the table at seat #3 
PietTheHeat: folds 
3EBC96: folds 
pondax: folds 
PietTheHeat leaves the table
Bono 1066: calls $0.05
Danut Stoica: raises $0.40 to $0.50
sAsscha17 leaves the table
Bono 1066: calls $0.40
*** FLOP *** [Kh 4h 8d]
3EBC96 leaves the table
Bono 1066: checks 
Danut Stoica: bets $0.50
Bono 1066: calls $0.50
*** TURN *** [Kh 4h 8d] [Kc]
Bono 1066: checks 
Danut Stoica: checks 
*** RIVER *** [Kh 4h 8d Kc] [Kd]
Bono 1066: bets $0.96
Danut Stoica: folds 
Uncalled bet ($0.96) returned to Bono 1066
Bono 1066 collected $1.91 from pot
Bono 1066: doesn't show hand 
*** SUMMARY ***
Total pot $2 | Rake $0.09 
Board [Kh 4h 8d Kc Kd]
Seat 1: pondax (button) folded before Flop (didn't bet)
Seat 2: Bono 1066 (small blind) collected ($1.91)
Seat 4: Danut Stoica (big blind) folded on the River
Seat 5: PietTheHeat folded before Flop (didn't bet)
Seat 6: 3EBC96 folded before Flop (didn't bet)



PokerStars Hand #222979952474:  Hold'em No Limit ($0.05/$0.10 USD) - 2021/01/23 19:31:33 ET
Table 'Odysseus III' 6-max Seat #2 is the button
Seat 1: pondax ($10 in chips) 
Seat 2: Bono 1066 ($31.28 in chips) 
Seat 4: Danut Stoica ($23.52 in chips) 
Danut Stoica: posts small blind $0.05
pondax: posts big blind $0.10
*** HOLE CARDS ***
Bono 1066: folds 
Danut Stoica: raises $0.20 to $0.30
pondax: folds 
Uncalled bet ($0.20) returned to Danut Stoica
pondax leaves the table
Danut Stoica collected $0.20 from pot
Danut Stoica: doesn't show hand 
*** SUMMARY ***
Total pot $0.20 | Rake $0 
Seat 1: pondax (big blind) folded before Flop
Seat 2: Bono 1066 (button) folded before Flop (didn't bet)
Seat 4: Danut Stoica (small blind) collected ($0.20)



