PokerStars Hand #222951499864:  Hold'em No Limit ($0.05/$0.10 USD) - 2021/01/23 7:02:57 ET
Table 'Capella II' 6-max Seat #1 is the button
Seat 1: Skunkx95 ($5.48 in chips) 
Seat 3: Black021 ($10.24 in chips) 
Seat 4: nikolaytix ($7.37 in chips) 
Seat 5: 2kateta ($6.41 in chips) 
Seat 6: Tony Zhukov ($10.09 in chips) 
Black021: posts small blind $0.05
nikolaytix: posts big blind $0.10
*** HOLE CARDS ***
2kateta: raises $0.15 to $0.25
Tony Zhukov: folds 
Skunkx95: raises $0.35 to $0.60
Black021: folds 
nikolaytix: folds 
2kateta: calls $0.35
*** FLOP *** [Qs 6h 2s]
2kateta: checks 
Skunkx95: bets $1.30
2kateta: raises $4.51 to $5.81 and is all-in
Skunkx95: calls $3.58 and is all-in
Uncalled bet ($0.93) returned to 2kateta
*** TURN *** [Qs 6h 2s] [8d]
*** RIVER *** [Qs 6h 2s 8d] [Th]
*** SHOW DOWN ***
2kateta: shows [2h Ah] (a pair of Deuces)
Skunkx95: shows [Qh As] (a pair of Queens)
Skunkx95 collected $10.61 from pot
*** SUMMARY ***
Total pot $11.11 | Rake $0.50 
Board [Qs 6h 2s 8d Th]
Seat 1: Skunkx95 (button) showed [Qh As] and won ($10.61) with a pair of Queens
Seat 3: Black021 (small blind) folded before Flop
Seat 4: nikolaytix (big blind) folded before Flop
Seat 5: 2kateta showed [2h Ah] and lost with a pair of Deuces
Seat 6: Tony Zhukov folded before Flop (didn't bet)



PokerStars Hand #222951524155:  Hold'em No Limit ($0.05/$0.10 USD) - 2021/01/23 7:04:05 ET
Table 'Capella II' 6-max Seat #3 is the button
Seat 1: Skunkx95 ($10.61 in chips) 
Seat 3: Black021 ($10.19 in chips) 
Seat 4: nikolaytix ($7.27 in chips) 
Seat 5: 2kateta ($0.93 in chips) 
Seat 6: Tony Zhukov ($10.09 in chips) 
nikolaytix: posts small blind $0.05
2kateta: posts big blind $0.10
Laker_Style: sits out 
*** HOLE CARDS ***
Tony Zhukov: folds 
Skunkx95: folds 
Black021: folds 
nikolaytix: raises $0.10 to $0.20
Skunkx95 leaves the table
2kateta: raises $0.73 to $0.93 and is all-in
nikolaytix: calls $0.73
*** FLOP *** [6s Ks As]
*** TURN *** [6s Ks As] [4c]
*** RIVER *** [6s Ks As 4c] [Ac]
*** SHOW DOWN ***
nikolaytix: shows [Ts Qd] (a pair of Aces)
2kateta: shows [Th Kd] (two pair, Aces and Kings)
2kateta collected $1.78 from pot
*** SUMMARY ***
Total pot $1.86 | Rake $0.08 
Board [6s Ks As 4c Ac]
Seat 1: Skunkx95 folded before Flop (didn't bet)
Seat 3: Black021 (button) folded before Flop (didn't bet)
Seat 4: nikolaytix (small blind) showed [Ts Qd] and lost with a pair of Aces
Seat 5: 2kateta (big blind) showed [Th Kd] and won ($1.78) with two pair, Aces and Kings
Seat 6: Tony Zhukov folded before Flop (didn't bet)



PokerStars Hand #222951532232:  Hold'em No Limit ($0.05/$0.10 USD) - 2021/01/23 7:04:28 ET
Table 'Capella II' 6-max Seat #4 is the button
Seat 3: Black021 ($10.19 in chips) 
Seat 4: nikolaytix ($6.34 in chips) 
Seat 5: 2kateta ($1.78 in chips) 
Seat 6: Tony Zhukov ($10.09 in chips) 
2kateta: posts small blind $0.05
Tony Zhukov: posts big blind $0.10
Laker_Style: sits out 
*** HOLE CARDS ***
Black021: folds 
nikolaytix: folds 
2kateta: raises $0.20 to $0.30
Tony Zhukov: folds 
Uncalled bet ($0.20) returned to 2kateta
2kateta collected $0.20 from pot
2kateta: doesn't show hand 
*** SUMMARY ***
Total pot $0.20 | Rake $0 
Seat 3: Black021 folded before Flop (didn't bet)
Seat 4: nikolaytix (button) folded before Flop (didn't bet)
Seat 5: 2kateta (small blind) collected ($0.20)
Seat 6: Tony Zhukov (big blind) folded before Flop



PokerStars Hand #222951536229:  Hold'em No Limit ($0.05/$0.10 USD) - 2021/01/23 7:04:39 ET
Table 'Capella II' 6-max Seat #5 is the button
Seat 2: Laker_Style ($10 in chips) 
Seat 3: Black021 ($10.19 in chips) 
Seat 4: nikolaytix ($6.34 in chips) 
Seat 5: 2kateta ($1.88 in chips) 
Seat 6: Tony Zhukov ($10 in chips) 
Tony Zhukov: posts small blind $0.05
Laker_Style: posts big blind $0.10
*** HOLE CARDS ***
Black021: folds 
nikolaytix: calls $0.10
2kateta: folds 
Tony Zhukov: folds 
Laker_Style: checks 
*** FLOP *** [7c Qh 2s]
Laker_Style: checks 
nikolaytix: checks 
*** TURN *** [7c Qh 2s] [3d]
Laker_Style: checks 
nikolaytix: checks 
*** RIVER *** [7c Qh 2s 3d] [Kc]
Laker_Style: bets $0.18
nikolaytix: raises $6.06 to $6.24 and is all-in
Laker_Style: folds 
Uncalled bet ($6.06) returned to nikolaytix
nikolaytix collected $0.58 from pot
nikolaytix: doesn't show hand 
*** SUMMARY ***
Total pot $0.61 | Rake $0.03 
Board [7c Qh 2s 3d Kc]
Seat 2: Laker_Style (big blind) folded on the River
Seat 3: Black021 folded before Flop (didn't bet)
Seat 4: nikolaytix collected ($0.58)
Seat 5: 2kateta (button) folded before Flop (didn't bet)
Seat 6: Tony Zhukov (small blind) folded before Flop



PokerStars Hand #222951555490:  Hold'em No Limit ($0.05/$0.10 USD) - 2021/01/23 7:05:33 ET
Table 'Capella II' 6-max Seat #6 is the button
Seat 2: Laker_Style ($10 in chips) 
Seat 3: Black021 ($10.19 in chips) 
Seat 4: nikolaytix ($6.64 in chips) 
Seat 5: 2kateta ($1.88 in chips) 
Seat 6: Tony Zhukov ($10 in chips) 
Laker_Style: posts small blind $0.05
Black021: posts big blind $0.10
*** HOLE CARDS ***
nikolaytix: calls $0.10
2kateta: folds 
Tony Zhukov: folds 
Laker_Style: folds 
hornetsvp joins the table at seat #1 
Black021: checks 
*** FLOP *** [4c 8s 9d]
Black021: checks 
nikolaytix: checks 
*** TURN *** [4c 8s 9d] [Qc]
Black021: checks 
nikolaytix: checks 
*** RIVER *** [4c 8s 9d Qc] [5h]
Black021: checks 
nikolaytix: checks 
*** SHOW DOWN ***
Black021: shows [8d Td] (a pair of Eights)
nikolaytix: mucks hand 
Black021 collected $0.24 from pot
*** SUMMARY ***
Total pot $0.25 | Rake $0.01 
Board [4c 8s 9d Qc 5h]
Seat 2: Laker_Style (small blind) folded before Flop
Seat 3: Black021 (big blind) showed [8d Td] and won ($0.24) with a pair of Eights
Seat 4: nikolaytix mucked
Seat 5: 2kateta folded before Flop (didn't bet)
Seat 6: Tony Zhukov (button) folded before Flop (didn't bet)



PokerStars Hand #222951568726:  Hold'em No Limit ($0.05/$0.10 USD) - 2021/01/23 7:06:10 ET
Table 'Capella II' 6-max Seat #2 is the button
Seat 2: Laker_Style ($10 in chips) 
Seat 3: Black021 ($10.33 in chips) 
Seat 4: nikolaytix ($6.54 in chips) 
Seat 5: 2kateta ($1.88 in chips) 
Seat 6: Tony Zhukov ($10 in chips) 
Black021: posts small blind $0.05
nikolaytix: posts big blind $0.10
hornetsvp: sits out 
*** HOLE CARDS ***
2kateta: folds 
Tony Zhukov: raises $0.20 to $0.30
Laker_Style: folds 
Black021: folds 
nikolaytix: calls $0.20
*** FLOP *** [8c Ks 3c]
nikolaytix: checks 
Tony Zhukov: bets $0.45
nikolaytix: folds 
Uncalled bet ($0.45) returned to Tony Zhukov
Tony Zhukov collected $0.62 from pot
*** SUMMARY ***
Total pot $0.65 | Rake $0.03 
Board [8c Ks 3c]
Seat 2: Laker_Style (button) folded before Flop (didn't bet)
Seat 3: Black021 (small blind) folded before Flop
Seat 4: nikolaytix (big blind) folded on the Flop
Seat 5: 2kateta folded before Flop (didn't bet)
Seat 6: Tony Zhukov collected ($0.62)



PokerStars Hand #222951581269:  Hold'em No Limit ($0.05/$0.10 USD) - 2021/01/23 7:06:45 ET
Table 'Capella II' 6-max Seat #3 is the button
Seat 2: Laker_Style ($10 in chips) 
Seat 3: Black021 ($10.28 in chips) 
Seat 4: nikolaytix ($6.24 in chips) 
Seat 5: 2kateta ($1.88 in chips) 
Seat 6: Tony Zhukov ($10.32 in chips) 
nikolaytix: posts small blind $0.05
2kateta: posts big blind $0.10
hornetsvp: sits out 
*** HOLE CARDS ***
Tony Zhukov: raises $0.20 to $0.30
Laker_Style: folds 
Black021: folds 
nikolaytix: calls $0.25
2kateta: folds 
*** FLOP *** [Jd 8s Ks]
nikolaytix: checks 
Tony Zhukov: checks 
*** TURN *** [Jd 8s Ks] [4h]
nikolaytix: checks 
Tony Zhukov: checks 
*** RIVER *** [Jd 8s Ks 4h] [8h]
nikolaytix: checks 
Tony Zhukov: checks 
*** SHOW DOWN ***
nikolaytix: shows [Ac 3h] (a pair of Eights)
Tony Zhukov: shows [Ad 2d] (a pair of Eights)
nikolaytix collected $0.34 from pot
Tony Zhukov collected $0.33 from pot
*** SUMMARY ***
Total pot $0.70 | Rake $0.03 
Board [Jd 8s Ks 4h 8h]
Seat 2: Laker_Style folded before Flop (didn't bet)
Seat 3: Black021 (button) folded before Flop (didn't bet)
Seat 4: nikolaytix (small blind) showed [Ac 3h] and won ($0.34) with a pair of Eights
Seat 5: 2kateta (big blind) folded before Flop
Seat 6: Tony Zhukov showed [Ad 2d] and won ($0.33) with a pair of Eights



PokerStars Hand #222951595069:  Hold'em No Limit ($0.05/$0.10 USD) - 2021/01/23 7:07:24 ET
Table 'Capella II' 6-max Seat #4 is the button
Seat 2: Laker_Style ($10 in chips) 
Seat 3: Black021 ($10.28 in chips) 
Seat 4: nikolaytix ($6.28 in chips) 
Seat 5: 2kateta ($1.78 in chips) 
Seat 6: Tony Zhukov ($10.35 in chips) 
2kateta: posts small blind $0.05
Tony Zhukov: posts big blind $0.10
hornetsvp: sits out 
*** HOLE CARDS ***
Laker_Style: folds 
Black021: folds 
nikolaytix: raises $0.10 to $0.20
2kateta: folds 
Tony Zhukov: raises $0.65 to $0.85
nikolaytix: calls $0.65
*** FLOP *** [8c Kh 8d]
Tony Zhukov: bets $0.45
nikolaytix: folds 
Uncalled bet ($0.45) returned to Tony Zhukov
Tony Zhukov collected $1.67 from pot
*** SUMMARY ***
Total pot $1.75 | Rake $0.08 
Board [8c Kh 8d]
Seat 2: Laker_Style folded before Flop (didn't bet)
Seat 3: Black021 folded before Flop (didn't bet)
Seat 4: nikolaytix (button) folded on the Flop
Seat 5: 2kateta (small blind) folded before Flop
Seat 6: Tony Zhukov (big blind) collected ($1.67)



PokerStars Hand #222951605706:  Hold'em No Limit ($0.05/$0.10 USD) - 2021/01/23 7:07:53 ET
Table 'Capella II' 6-max Seat #5 is the button
Seat 1: hornetsvp ($10 in chips) 
Seat 2: Laker_Style ($10 in chips) 
Seat 3: Black021 ($10.28 in chips) 
Seat 4: nikolaytix ($5.43 in chips) 
Seat 5: 2kateta ($1.73 in chips) 
Seat 6: Tony Zhukov ($11.17 in chips) 
Tony Zhukov: posts small blind $0.05
hornetsvp: posts big blind $0.10
*** HOLE CARDS ***
Laker_Style: folds 
Black021: folds 
nikolaytix: raises $0.10 to $0.20
2kateta: folds 
Tony Zhukov: folds 
hornetsvp: folds 
Uncalled bet ($0.10) returned to nikolaytix
nikolaytix collected $0.25 from pot
nikolaytix: doesn't show hand 
*** SUMMARY ***
Total pot $0.25 | Rake $0 
Seat 1: hornetsvp (big blind) folded before Flop
Seat 2: Laker_Style folded before Flop (didn't bet)
Seat 3: Black021 folded before Flop (didn't bet)
Seat 4: nikolaytix collected ($0.25)
Seat 5: 2kateta (button) folded before Flop (didn't bet)
Seat 6: Tony Zhukov (small blind) folded before Flop



PokerStars Hand #222951612362:  Hold'em No Limit ($0.05/$0.10 USD) - 2021/01/23 7:08:12 ET
Table 'Capella II' 6-max Seat #6 is the button
Seat 1: hornetsvp ($9.90 in chips) 
Seat 2: Laker_Style ($10 in chips) 
Seat 3: Black021 ($10.28 in chips) 
Seat 4: nikolaytix ($5.58 in chips) 
Seat 5: 2kateta ($1.73 in chips) 
Seat 6: Tony Zhukov ($11.12 in chips) 
hornetsvp: posts small blind $0.05
Laker_Style: posts big blind $0.10
*** HOLE CARDS ***
Black021: folds 
nikolaytix: calls $0.10
2kateta: calls $0.10
Tony Zhukov: raises $0.40 to $0.50
hornetsvp: folds 
Laker_Style: raises $1.40 to $1.90
nikolaytix: folds 
2kateta: folds 
Tony Zhukov: folds 
Uncalled bet ($1.40) returned to Laker_Style
Laker_Style collected $1.25 from pot
Laker_Style: doesn't show hand 
*** SUMMARY ***
Total pot $1.25 | Rake $0 
Seat 1: hornetsvp (small blind) folded before Flop
Seat 2: Laker_Style (big blind) collected ($1.25)
Seat 3: Black021 folded before Flop (didn't bet)
Seat 4: nikolaytix folded before Flop
Seat 5: 2kateta folded before Flop
Seat 6: Tony Zhukov (button) folded before Flop



PokerStars Hand #222951625024:  Hold'em No Limit ($0.05/$0.10 USD) - 2021/01/23 7:08:47 ET
Table 'Capella II' 6-max Seat #1 is the button
Seat 1: hornetsvp ($9.95 in chips) 
Seat 2: Laker_Style ($10.75 in chips) 
Seat 3: Black021 ($10.28 in chips) 
Seat 4: nikolaytix ($5.48 in chips) 
Seat 5: 2kateta ($1.63 in chips) 
Seat 6: Tony Zhukov ($10.62 in chips) 
Laker_Style: posts small blind $0.05
Black021: posts big blind $0.10
*** HOLE CARDS ***
nikolaytix: calls $0.10
2kateta: folds 
2kateta leaves the table
Tony Zhukov: raises $0.30 to $0.40
hornetsvp: folds 
Laker_Style: folds 
Black021: folds 
nikolaytix: calls $0.30
*** FLOP *** [6h 9s 6d]
nikolaytix: bets $0.91
Tony Zhukov: folds 
Uncalled bet ($0.91) returned to nikolaytix
nikolaytix collected $0.91 from pot
nikolaytix: doesn't show hand 
*** SUMMARY ***
Total pot $0.95 | Rake $0.04 
Board [6h 9s 6d]
Seat 1: hornetsvp (button) folded before Flop (didn't bet)
Seat 2: Laker_Style (small blind) folded before Flop
Seat 3: Black021 (big blind) folded before Flop
Seat 4: nikolaytix collected ($0.91)
Seat 5: 2kateta folded before Flop (didn't bet)
Seat 6: Tony Zhukov folded on the Flop



PokerStars Hand #222951636840:  Hold'em No Limit ($0.05/$0.10 USD) - 2021/01/23 7:09:20 ET
Table 'Capella II' 6-max Seat #2 is the button
Seat 1: hornetsvp ($9.95 in chips) 
Seat 2: Laker_Style ($10.70 in chips) 
Seat 3: Black021 ($10.18 in chips) 
Seat 4: nikolaytix ($5.99 in chips) 
Seat 6: Tony Zhukov ($10.22 in chips) 
Black021: posts small blind $0.05
nikolaytix: posts big blind $0.10
*** HOLE CARDS ***
Tony Zhukov: folds 
hornetsvp: raises $0.15 to $0.25
Laker_Style: folds 
Black021: folds 
nikolaytix: calls $0.15
*** FLOP *** [Ah 4s Kd]
nikolaytix: checks 
hornetsvp: bets $0.40
nikolaytix: folds 
Uncalled bet ($0.40) returned to hornetsvp
hornetsvp collected $0.53 from pot
hornetsvp: doesn't show hand 
*** SUMMARY ***
Total pot $0.55 | Rake $0.02 
Board [Ah 4s Kd]
Seat 1: hornetsvp collected ($0.53)
Seat 2: Laker_Style (button) folded before Flop (didn't bet)
Seat 3: Black021 (small blind) folded before Flop
Seat 4: nikolaytix (big blind) folded on the Flop
Seat 6: Tony Zhukov folded before Flop (didn't bet)



PokerStars Hand #222951649089:  Hold'em No Limit ($0.05/$0.10 USD) - 2021/01/23 7:09:54 ET
Table 'Capella II' 6-max Seat #3 is the button
Seat 1: hornetsvp ($10.23 in chips) 
Seat 2: Laker_Style ($10.70 in chips) 
Seat 3: Black021 ($10.13 in chips) 
Seat 4: nikolaytix ($5.74 in chips) 
Seat 6: Tony Zhukov ($10.22 in chips) 
nikolaytix: posts small blind $0.05
Tony Zhukov: posts big blind $0.10
*** HOLE CARDS ***
hornetsvp: folds 
Laker_Style: folds 
Black021: raises $0.12 to $0.22
nikolaytix: calls $0.17
Tony Zhukov: calls $0.12
*** FLOP *** [4h 4d 3d]
nikolaytix: checks 
Tony Zhukov: checks 
Black021: checks 
*** TURN *** [4h 4d 3d] [Ts]
DrLevty joins the table at seat #5 
nikolaytix: checks 
Tony Zhukov: checks 
Black021: checks 
*** RIVER *** [4h 4d 3d Ts] [Qh]
nikolaytix: bets $0.63
Tony Zhukov: folds 
Black021: folds 
Uncalled bet ($0.63) returned to nikolaytix
nikolaytix collected $0.63 from pot
nikolaytix: doesn't show hand 
*** SUMMARY ***
Total pot $0.66 | Rake $0.03 
Board [4h 4d 3d Ts Qh]
Seat 1: hornetsvp folded before Flop (didn't bet)
Seat 2: Laker_Style folded before Flop (didn't bet)
Seat 3: Black021 (button) folded on the River
Seat 4: nikolaytix (small blind) collected ($0.63)
Seat 6: Tony Zhukov (big blind) folded on the River



PokerStars Hand #222951671581:  Hold'em No Limit ($0.05/$0.10 USD) - 2021/01/23 7:10:56 ET
Table 'Capella II' 6-max Seat #4 is the button
Seat 1: hornetsvp ($10.23 in chips) 
Seat 2: Laker_Style ($10.70 in chips) 
Seat 3: Black021 ($10 in chips) 
Seat 4: nikolaytix ($6.15 in chips) 
Seat 6: Tony Zhukov ($10 in chips) 
Tony Zhukov: posts small blind $0.05
hornetsvp: posts big blind $0.10
*** HOLE CARDS ***
Laker_Style: folds 
Black021: raises $0.15 to $0.25
nikolaytix: calls $0.25
Tony Zhukov: raises $1.25 to $1.50
hornetsvp: folds 
Black021: folds 
nikolaytix: folds 
Uncalled bet ($1.25) returned to Tony Zhukov
Tony Zhukov collected $0.85 from pot
*** SUMMARY ***
Total pot $0.85 | Rake $0 
Seat 1: hornetsvp (big blind) folded before Flop
Seat 2: Laker_Style folded before Flop (didn't bet)
Seat 3: Black021 folded before Flop
Seat 4: nikolaytix (button) folded before Flop
Seat 6: Tony Zhukov (small blind) collected ($0.85)



PokerStars Hand #222951680497:  Hold'em No Limit ($0.05/$0.10 USD) - 2021/01/23 7:11:20 ET
Table 'Capella II' 6-max Seat #6 is the button
Seat 1: hornetsvp ($10.13 in chips) 
Seat 2: Laker_Style ($10.70 in chips) 
Seat 3: Black021 ($10 in chips) 
Seat 4: nikolaytix ($5.90 in chips) 
Seat 6: Tony Zhukov ($10.60 in chips) 
hornetsvp: posts small blind $0.05
Laker_Style: posts big blind $0.10
DrLevty: sits out 
*** HOLE CARDS ***
Black021: folds 
nikolaytix has timed out
nikolaytix: folds 
Tony Zhukov: folds 
hornetsvp: folds 
Uncalled bet ($0.05) returned to Laker_Style
Laker_Style collected $0.10 from pot
Laker_Style: doesn't show hand 
*** SUMMARY ***
Total pot $0.10 | Rake $0 
Seat 1: hornetsvp (small blind) folded before Flop
Seat 2: Laker_Style (big blind) collected ($0.10)
Seat 3: Black021 folded before Flop (didn't bet)
Seat 4: nikolaytix folded before Flop (didn't bet)
Seat 6: Tony Zhukov (button) folded before Flop (didn't bet)



PokerStars Hand #222951692733:  Hold'em No Limit ($0.05/$0.10 USD) - 2021/01/23 7:11:53 ET
Table 'Capella II' 6-max Seat #1 is the button
Seat 1: hornetsvp ($10.08 in chips) 
Seat 2: Laker_Style ($10.75 in chips) 
Seat 3: Black021 ($10 in chips) 
Seat 4: nikolaytix ($5.90 in chips) 
Seat 6: Tony Zhukov ($10.60 in chips) 
Laker_Style: posts small blind $0.05
Black021: posts big blind $0.10
DrLevty: sits out 
*** HOLE CARDS ***
nikolaytix: calls $0.10
Tony Zhukov: folds 
hornetsvp: folds 
Laker_Style: folds 
Black021: checks 
*** FLOP *** [5c 8c Qh]
Black021: checks 
nikolaytix: checks 
*** TURN *** [5c 8c Qh] [Kc]
Black021: checks 
nikolaytix: checks 
*** RIVER *** [5c 8c Qh Kc] [Jh]
Black021: checks 
nikolaytix: bets $0.24
Black021: folds 
Uncalled bet ($0.24) returned to nikolaytix
nikolaytix collected $0.24 from pot
nikolaytix: doesn't show hand 
*** SUMMARY ***
Total pot $0.25 | Rake $0.01 
Board [5c 8c Qh Kc Jh]
Seat 1: hornetsvp (button) folded before Flop (didn't bet)
Seat 2: Laker_Style (small blind) folded before Flop
Seat 3: Black021 (big blind) folded on the River
Seat 4: nikolaytix collected ($0.24)
Seat 6: Tony Zhukov folded before Flop (didn't bet)



PokerStars Hand #222951702651:  Hold'em No Limit ($0.05/$0.10 USD) - 2021/01/23 7:12:20 ET
Table 'Capella II' 6-max Seat #2 is the button
Seat 1: hornetsvp ($10.08 in chips) 
Seat 2: Laker_Style ($10.70 in chips) 
Seat 3: Black021 ($10 in chips) 
Seat 4: nikolaytix ($6.04 in chips) 
Seat 6: Tony Zhukov ($10.60 in chips) 
Black021: posts small blind $0.05
nikolaytix: posts big blind $0.10
DrLevty: sits out 
*** HOLE CARDS ***
Tony Zhukov: folds 
hornetsvp: folds 
Laker_Style has timed out
Laker_Style: folds 
Black021: raises $0.17 to $0.27
nikolaytix: calls $0.17
*** FLOP *** [Qc 4s 5h]
Black021: bets $0.17
nikolaytix: calls $0.17
*** TURN *** [Qc 4s 5h] [5d]
Black021: checks 
nikolaytix: checks 
*** RIVER *** [Qc 4s 5h 5d] [Ac]
Black021: checks 
nikolaytix: bets $5.60 and is all-in
Black021: folds 
Uncalled bet ($5.60) returned to nikolaytix
nikolaytix collected $0.84 from pot
nikolaytix: doesn't show hand 
*** SUMMARY ***
Total pot $0.88 | Rake $0.04 
Board [Qc 4s 5h 5d Ac]
Seat 1: hornetsvp folded before Flop (didn't bet)
Seat 2: Laker_Style (button) folded before Flop (didn't bet)
Seat 3: Black021 (small blind) folded on the River
Seat 4: nikolaytix (big blind) collected ($0.84)
Seat 6: Tony Zhukov folded before Flop (didn't bet)



PokerStars Hand #222951723019:  Hold'em No Limit ($0.05/$0.10 USD) - 2021/01/23 7:13:15 ET
Table 'Capella II' 6-max Seat #3 is the button
Seat 1: hornetsvp ($10.08 in chips) 
Seat 2: Laker_Style ($10.70 in chips) 
Seat 3: Black021 ($10 in chips) 
Seat 4: nikolaytix ($6.44 in chips) 
Seat 5: DrLevty ($10 in chips) 
Seat 6: Tony Zhukov ($10.60 in chips) 
nikolaytix: posts small blind $0.05
DrLevty: posts big blind $0.10
*** HOLE CARDS ***
Tony Zhukov: folds 
hornetsvp: folds 
Laker_Style: folds 
Black021: folds 
nikolaytix: raises $6.34 to $6.44 and is all-in
DrLevty: folds 
Uncalled bet ($6.34) returned to nikolaytix
nikolaytix collected $0.20 from pot
nikolaytix: doesn't show hand 
*** SUMMARY ***
Total pot $0.20 | Rake $0 
Seat 1: hornetsvp folded before Flop (didn't bet)
Seat 2: Laker_Style folded before Flop (didn't bet)
Seat 3: Black021 (button) folded before Flop (didn't bet)
Seat 4: nikolaytix (small blind) collected ($0.20)
Seat 5: DrLevty (big blind) folded before Flop
Seat 6: Tony Zhukov folded before Flop (didn't bet)



PokerStars Hand #222951729229:  Hold'em No Limit ($0.05/$0.10 USD) - 2021/01/23 7:13:32 ET
Table 'Capella II' 6-max Seat #4 is the button
Seat 1: hornetsvp ($10.08 in chips) 
Seat 2: Laker_Style ($10.70 in chips) 
Seat 3: Black021 ($10 in chips) 
Seat 4: nikolaytix ($6.54 in chips) 
Seat 5: DrLevty ($10 in chips) 
DrLevty: posts small blind $0.05
Tony Zhukov: is sitting out 
Tony Zhukov leaves the table
hornetsvp: posts big blind $0.10
*** HOLE CARDS ***
guro aye1234 joins the table at seat #6 
Laker_Style: folds 
Black021: raises $0.15 to $0.25
nikolaytix: calls $0.25
DrLevty: folds 
hornetsvp: folds 
*** FLOP *** [9d 6d 7s]
Black021: bets $0.41
nikolaytix: folds 
Uncalled bet ($0.41) returned to Black021
Black021 collected $0.62 from pot
Black021: doesn't show hand 
*** SUMMARY ***
Total pot $0.65 | Rake $0.03 
Board [9d 6d 7s]
Seat 1: hornetsvp (big blind) folded before Flop
Seat 2: Laker_Style folded before Flop (didn't bet)
Seat 3: Black021 collected ($0.62)
Seat 4: nikolaytix (button) folded on the Flop
Seat 5: DrLevty (small blind) folded before Flop



PokerStars Hand #222951747516:  Hold'em No Limit ($0.05/$0.10 USD) - 2021/01/23 7:13:58 ET
Table 'Capella II' 6-max Seat #5 is the button
Seat 1: hornetsvp ($9.98 in chips) 
Seat 2: Laker_Style ($10.70 in chips) 
Seat 3: Black021 ($10.37 in chips) 
Seat 4: nikolaytix ($6.29 in chips) 
Seat 5: DrLevty ($10 in chips) 
hornetsvp: posts small blind $0.05
Laker_Style: posts big blind $0.10
*** HOLE CARDS ***
Black021: folds 
nikolaytix: calls $0.10
DrLevty: raises $0.40 to $0.50
hornetsvp: folds 
Laker_Style: folds 
nikolaytix: calls $0.40
*** FLOP *** [4s 6s 2d]
nikolaytix: checks 
DrLevty: checks 
*** TURN *** [4s 6s 2d] [Jd]
nikolaytix: bets $1.10
DrLevty: folds 
Uncalled bet ($1.10) returned to nikolaytix
nikolaytix collected $1.10 from pot
nikolaytix: doesn't show hand 
*** SUMMARY ***
Total pot $1.15 | Rake $0.05 
Board [4s 6s 2d Jd]
Seat 1: hornetsvp (small blind) folded before Flop
Seat 2: Laker_Style (big blind) folded before Flop
Seat 3: Black021 folded before Flop (didn't bet)
Seat 4: nikolaytix collected ($1.10)
Seat 5: DrLevty (button) folded on the Turn



PokerStars Hand #222951760113:  Hold'em No Limit ($0.05/$0.10 USD) - 2021/01/23 7:14:33 ET
Table 'Capella II' 6-max Seat #1 is the button
Seat 1: hornetsvp ($9.93 in chips) 
Seat 2: Laker_Style ($10.60 in chips) 
Seat 3: Black021 ($10.37 in chips) 
Seat 4: nikolaytix ($6.89 in chips) 
Seat 5: DrLevty ($10 in chips) 
Laker_Style: posts small blind $0.05
Black021: posts big blind $0.10
guro aye1234: sits out 
*** HOLE CARDS ***
nikolaytix: calls $0.10
DrLevty: folds 
hornetsvp: folds 
Laker_Style: folds 
Black021: checks 
*** FLOP *** [2s Td Ks]
Black021: checks 
nikolaytix: checks 
*** TURN *** [2s Td Ks] [6s]
Black021: checks 
nikolaytix: checks 
*** RIVER *** [2s Td Ks 6s] [9h]
Black021: checks 
nikolaytix: bets $0.10
Black021: folds 
Uncalled bet ($0.10) returned to nikolaytix
nikolaytix collected $0.24 from pot
nikolaytix: doesn't show hand 
*** SUMMARY ***
Total pot $0.25 | Rake $0.01 
Board [2s Td Ks 6s 9h]
Seat 1: hornetsvp (button) folded before Flop (didn't bet)
Seat 2: Laker_Style (small blind) folded before Flop
Seat 3: Black021 (big blind) folded on the River
Seat 4: nikolaytix collected ($0.24)
Seat 5: DrLevty folded before Flop (didn't bet)



PokerStars Hand #222951772836:  Hold'em No Limit ($0.05/$0.10 USD) - 2021/01/23 7:15:07 ET
Table 'Capella II' 6-max Seat #2 is the button
Seat 1: hornetsvp ($9.93 in chips) 
Seat 2: Laker_Style ($10.55 in chips) 
Seat 3: Black021 ($10.27 in chips) 
Seat 4: nikolaytix ($7.03 in chips) 
Seat 5: DrLevty ($10 in chips) 
Black021: posts small blind $0.05
nikolaytix: posts big blind $0.10
guro aye1234: sits out 
*** HOLE CARDS ***
DrLevty: folds 
hornetsvp: folds 
Laker_Style: folds 
Black021: raises $0.17 to $0.27
nikolaytix: calls $0.17
*** FLOP *** [7d 5s Ad]
Black021: checks 
nikolaytix: checks 
*** TURN *** [7d 5s Ad] [3c]
Black021: bets $0.30
nikolaytix: calls $0.30
*** RIVER *** [7d 5s Ad 3c] [6d]
Black021: bets $0.82
nikolaytix: calls $0.82
*** SHOW DOWN ***
Black021: shows [4c Kc] (a straight, Three to Seven)
nikolaytix: mucks hand 
Black021 collected $2.65 from pot
*** SUMMARY ***
Total pot $2.78 | Rake $0.13 
Board [7d 5s Ad 3c 6d]
Seat 1: hornetsvp folded before Flop (didn't bet)
Seat 2: Laker_Style (button) folded before Flop (didn't bet)
Seat 3: Black021 (small blind) showed [4c Kc] and won ($2.65) with a straight, Three to Seven
Seat 4: nikolaytix (big blind) mucked
Seat 5: DrLevty folded before Flop (didn't bet)



PokerStars Hand #222951789970:  Hold'em No Limit ($0.05/$0.10 USD) - 2021/01/23 7:15:54 ET
Table 'Capella II' 6-max Seat #3 is the button
Seat 1: hornetsvp ($9.93 in chips) 
Seat 2: Laker_Style ($10.55 in chips) 
Seat 3: Black021 ($11.53 in chips) 
Seat 4: nikolaytix ($5.64 in chips) 
Seat 5: DrLevty ($10 in chips) 
nikolaytix: posts small blind $0.05
DrLevty: posts big blind $0.10
guro aye1234: sits out 
*** HOLE CARDS ***
hornetsvp: folds 
Laker_Style has timed out
Laker_Style: folds 
Black021: raises $0.12 to $0.22
nikolaytix: folds 
DrLevty: folds 
Uncalled bet ($0.12) returned to Black021
Black021 collected $0.25 from pot
Black021: doesn't show hand 
*** SUMMARY ***
Total pot $0.25 | Rake $0 
Seat 1: hornetsvp folded before Flop (didn't bet)
Seat 2: Laker_Style folded before Flop (didn't bet)
Seat 3: Black021 (button) collected ($0.25)
Seat 4: nikolaytix (small blind) folded before Flop
Seat 5: DrLevty (big blind) folded before Flop



PokerStars Hand #222951801185:  Hold'em No Limit ($0.05/$0.10 USD) - 2021/01/23 7:16:25 ET
Table 'Capella II' 6-max Seat #4 is the button
Seat 1: hornetsvp ($9.93 in chips) 
Seat 2: Laker_Style ($10.55 in chips) 
Seat 3: Black021 ($11.68 in chips) 
Seat 4: nikolaytix ($5.59 in chips) 
Seat 5: DrLevty ($10 in chips) 
Seat 6: guro aye1234 ($10 in chips) 
DrLevty: posts small blind $0.05
guro aye1234: posts big blind $0.10
*** HOLE CARDS ***
hornetsvp: folds 
Laker_Style: folds 
Black021: folds 
nikolaytix: folds 
DrLevty: folds 
Uncalled bet ($0.05) returned to guro aye1234
guro aye1234 collected $0.10 from pot
*** SUMMARY ***
Total pot $0.10 | Rake $0 
Seat 1: hornetsvp folded before Flop (didn't bet)
Seat 2: Laker_Style folded before Flop (didn't bet)
Seat 3: Black021 folded before Flop (didn't bet)
Seat 4: nikolaytix (button) folded before Flop (didn't bet)
Seat 5: DrLevty (small blind) folded before Flop
Seat 6: guro aye1234 (big blind) collected ($0.10)



PokerStars Hand #222951808168:  Hold'em No Limit ($0.05/$0.10 USD) - 2021/01/23 7:16:44 ET
Table 'Capella II' 6-max Seat #5 is the button
Seat 1: hornetsvp ($9.93 in chips) 
Seat 2: Laker_Style ($10.55 in chips) 
Seat 3: Black021 ($11.68 in chips) 
Seat 4: nikolaytix ($5.59 in chips) 
Seat 5: DrLevty ($10 in chips) 
Seat 6: guro aye1234 ($10.05 in chips) 
guro aye1234: posts small blind $0.05
hornetsvp: posts big blind $0.10
*** HOLE CARDS ***
Laker_Style has timed out
Laker_Style: folds 
Black021: folds 
nikolaytix: calls $0.10
DrLevty: folds 
guro aye1234: folds 
hornetsvp: checks 
*** FLOP *** [Kd 5h 8d]
hornetsvp: checks 
nikolaytix: checks 
*** TURN *** [Kd 5h 8d] [Kc]
hornetsvp: checks 
nikolaytix: bets $0.10
hornetsvp: folds 
Uncalled bet ($0.10) returned to nikolaytix
nikolaytix collected $0.24 from pot
nikolaytix: doesn't show hand 
*** SUMMARY ***
Total pot $0.25 | Rake $0.01 
Board [Kd 5h 8d Kc]
Seat 1: hornetsvp (big blind) folded on the Turn
Seat 2: Laker_Style folded before Flop (didn't bet)
Seat 3: Black021 folded before Flop (didn't bet)
Seat 4: nikolaytix collected ($0.24)
Seat 5: DrLevty (button) folded before Flop (didn't bet)
Seat 6: guro aye1234 (small blind) folded before Flop



PokerStars Hand #222951828510:  Hold'em No Limit ($0.05/$0.10 USD) - 2021/01/23 7:17:39 ET
Table 'Capella II' 6-max Seat #6 is the button
Seat 1: hornetsvp ($9.83 in chips) 
Seat 3: Black021 ($11.68 in chips) 
Seat 4: nikolaytix ($5.73 in chips) 
Seat 5: DrLevty ($10 in chips) 
Seat 6: guro aye1234 ($10 in chips) 
hornetsvp: posts small blind $0.05
Black021: posts big blind $0.10
*** HOLE CARDS ***
nikolaytix: calls $0.10
DrLevty: raises $0.40 to $0.50
guro aye1234: folds 
hornetsvp: folds 
Laker_Style leaves the table
Black021: folds 
nikolaytix: calls $0.40
*** FLOP *** [4h 7c 3d]
nikolaytix: checks 
DrLevty: checks 
*** TURN *** [4h 7c 3d] [Qd]
nikolaytix: checks 
DrLevty: checks 
*** RIVER *** [4h 7c 3d Qd] [4c]
cowgirl german joins the table at seat #2 
nikolaytix: checks 
DrLevty: checks 
*** SHOW DOWN ***
nikolaytix: shows [Kh 2s] (a pair of Fours)
DrLevty: mucks hand 
nikolaytix collected $1.10 from pot
*** SUMMARY ***
Total pot $1.15 | Rake $0.05 
Board [4h 7c 3d Qd 4c]
Seat 1: hornetsvp (small blind) folded before Flop
Seat 3: Black021 (big blind) folded before Flop
Seat 4: nikolaytix showed [Kh 2s] and won ($1.10) with a pair of Fours
Seat 5: DrLevty mucked
Seat 6: guro aye1234 (button) folded before Flop (didn't bet)



PokerStars Hand #222951846970:  Hold'em No Limit ($0.05/$0.10 USD) - 2021/01/23 7:18:29 ET
Table 'Capella II' 6-max Seat #1 is the button
Seat 1: hornetsvp ($9.95 in chips) 
Seat 3: Black021 ($11.58 in chips) 
Seat 4: nikolaytix ($6.33 in chips) 
Seat 5: DrLevty ($10 in chips) 
Seat 6: guro aye1234 ($10 in chips) 
Black021: posts small blind $0.05
nikolaytix: posts big blind $0.10
*** HOLE CARDS ***
DrLevty: raises $0.20 to $0.30
guro aye1234: folds 
hornetsvp: folds 
Black021: folds 
nikolaytix: calls $0.20
*** FLOP *** [Ts 8s 2d]
nikolaytix: checks 
DrLevty: checks 
*** TURN *** [Ts 8s 2d] [Jc]
nikolaytix: checks 
DrLevty: checks 
*** RIVER *** [Ts 8s 2d Jc] [9d]
nikolaytix: checks 
DrLevty: checks 
*** SHOW DOWN ***
nikolaytix: shows [3c 5d] (high card Jack)
DrLevty: shows [Ks Ad] (high card Ace)
DrLevty collected $0.62 from pot
*** SUMMARY ***
Total pot $0.65 | Rake $0.03 
Board [Ts 8s 2d Jc 9d]
Seat 1: hornetsvp (button) folded before Flop (didn't bet)
Seat 3: Black021 (small blind) folded before Flop
Seat 4: nikolaytix (big blind) showed [3c 5d] and lost with high card Jack
Seat 5: DrLevty showed [Ks Ad] and won ($0.62) with high card Ace
Seat 6: guro aye1234 folded before Flop (didn't bet)



PokerStars Hand #222951859517:  Hold'em No Limit ($0.05/$0.10 USD) - 2021/01/23 7:19:03 ET
Table 'Capella II' 6-max Seat #3 is the button
Seat 1: hornetsvp ($10 in chips) 
Seat 3: Black021 ($11.53 in chips) 
Seat 4: nikolaytix ($6.03 in chips) 
Seat 5: DrLevty ($10.32 in chips) 
Seat 6: guro aye1234 ($10 in chips) 
nikolaytix: posts small blind $0.05
DrLevty: posts big blind $0.10
cowgirl german: sits out 
*** HOLE CARDS ***
guro aye1234: folds 
hornetsvp: folds 
Black021: raises $0.12 to $0.22
nikolaytix: calls $0.17
DrLevty: calls $0.12
*** FLOP *** [7s 9h Kh]
nikolaytix: bets $0.10
DrLevty: calls $0.10
Black021: folds 
*** TURN *** [7s 9h Kh] [6d]
nikolaytix: bets $0.10
DrLevty: calls $0.10
*** RIVER *** [7s 9h Kh 6d] [Ad]
nikolaytix: bets $0.10
DrLevty: calls $0.10
*** SHOW DOWN ***
nikolaytix: shows [4h 7d] (a pair of Sevens)
DrLevty: shows [9s Qc] (a pair of Nines)
DrLevty collected $1.20 from pot
*** SUMMARY ***
Total pot $1.26 | Rake $0.06 
Board [7s 9h Kh 6d Ad]
Seat 1: hornetsvp folded before Flop (didn't bet)
Seat 3: Black021 (button) folded on the Flop
Seat 4: nikolaytix (small blind) showed [4h 7d] and lost with a pair of Sevens
Seat 5: DrLevty (big blind) showed [9s Qc] and won ($1.20) with a pair of Nines
Seat 6: guro aye1234 folded before Flop (didn't bet)



PokerStars Hand #222951873097:  Hold'em No Limit ($0.05/$0.10 USD) - 2021/01/23 7:19:41 ET
Table 'Capella II' 6-max Seat #4 is the button
Seat 1: hornetsvp ($10 in chips) 
Seat 3: Black021 ($11.31 in chips) 
Seat 4: nikolaytix ($5.51 in chips) 
Seat 5: DrLevty ($11 in chips) 
Seat 6: guro aye1234 ($10 in chips) 
DrLevty: posts small blind $0.05
guro aye1234: posts big blind $0.10
cowgirl german: sits out 
*** HOLE CARDS ***
hornetsvp: folds 
Black021: folds 
nikolaytix: raises $0.10 to $0.20
DrLevty: folds 
guro aye1234: folds 
Uncalled bet ($0.10) returned to nikolaytix
nikolaytix collected $0.25 from pot
nikolaytix: doesn't show hand 
*** SUMMARY ***
Total pot $0.25 | Rake $0 
Seat 1: hornetsvp folded before Flop (didn't bet)
Seat 3: Black021 folded before Flop (didn't bet)
Seat 4: nikolaytix (button) collected ($0.25)
Seat 5: DrLevty (small blind) folded before Flop
Seat 6: guro aye1234 (big blind) folded before Flop



PokerStars Hand #222951881078:  Hold'em No Limit ($0.05/$0.10 USD) - 2021/01/23 7:20:03 ET
Table 'Capella II' 6-max Seat #5 is the button
Seat 1: hornetsvp ($10 in chips) 
Seat 3: Black021 ($11.31 in chips) 
Seat 4: nikolaytix ($5.66 in chips) 
Seat 5: DrLevty ($10.95 in chips) 
Seat 6: guro aye1234 ($10 in chips) 
guro aye1234: posts small blind $0.05
hornetsvp: posts big blind $0.10
cowgirl german: sits out 
*** HOLE CARDS ***
Black021: raises $0.17 to $0.27
nikolaytix: calls $0.27
DrLevty: folds 
guro aye1234: folds 
hornetsvp: calls $0.17
*** FLOP *** [Js Kh 2c]
hornetsvp: checks 
Black021: checks 
nikolaytix: checks 
*** TURN *** [Js Kh 2c] [Kc]
hornetsvp: checks 
Black021: checks 
nikolaytix: bets $0.10
hornetsvp: folds 
Black021: calls $0.10
*** RIVER *** [Js Kh 2c Kc] [4c]
Black021: checks 
nikolaytix: checks 
*** SHOW DOWN ***
Black021: shows [7d 7c] (two pair, Kings and Sevens)
nikolaytix: mucks hand 
Black021 collected $1.01 from pot
*** SUMMARY ***
Total pot $1.06 | Rake $0.05 
Board [Js Kh 2c Kc 4c]
Seat 1: hornetsvp (big blind) folded on the Turn
Seat 3: Black021 showed [7d 7c] and won ($1.01) with two pair, Kings and Sevens
Seat 4: nikolaytix mucked
Seat 5: DrLevty (button) folded before Flop (didn't bet)
Seat 6: guro aye1234 (small blind) folded before Flop



PokerStars Hand #222951910313:  Hold'em No Limit ($0.05/$0.10 USD) - 2021/01/23 7:21:22 ET
Table 'Capella II' 6-max Seat #6 is the button
Seat 1: hornetsvp ($10 in chips) 
Seat 2: cowgirl german ($10 in chips) 
Seat 3: Black021 ($11.95 in chips) 
Seat 4: nikolaytix ($5.29 in chips) 
Seat 5: DrLevty ($10.95 in chips) 
Seat 6: guro aye1234 ($10 in chips) 
hornetsvp: posts small blind $0.05
cowgirl german: posts big blind $0.10
*** HOLE CARDS ***
Black021: folds 
nikolaytix: calls $0.10
DrLevty: folds 
guro aye1234: folds 
hornetsvp: folds 
cowgirl german: checks 
*** FLOP *** [Ad 2h 9s]
cowgirl german: checks 
nikolaytix: checks 
*** TURN *** [Ad 2h 9s] [8s]
cowgirl german: checks 
nikolaytix: checks 
*** RIVER *** [Ad 2h 9s 8s] [Th]
cowgirl german: checks 
nikolaytix: bets $5.19 and is all-in
cowgirl german: folds 
Uncalled bet ($5.19) returned to nikolaytix
nikolaytix collected $0.24 from pot
nikolaytix: doesn't show hand 
*** SUMMARY ***
Total pot $0.25 | Rake $0.01 
Board [Ad 2h 9s 8s Th]
Seat 1: hornetsvp (small blind) folded before Flop
Seat 2: cowgirl german (big blind) folded on the River
Seat 3: Black021 folded before Flop (didn't bet)
Seat 4: nikolaytix collected ($0.24)
Seat 5: DrLevty folded before Flop (didn't bet)
Seat 6: guro aye1234 (button) folded before Flop (didn't bet)



PokerStars Hand #222951929097:  Hold'em No Limit ($0.05/$0.10 USD) - 2021/01/23 7:22:13 ET
Table 'Capella II' 6-max Seat #1 is the button
Seat 1: hornetsvp ($9.95 in chips) 
Seat 2: cowgirl german ($9.90 in chips) 
Seat 3: Black021 ($11.95 in chips) 
Seat 4: nikolaytix ($5.43 in chips) 
Seat 5: DrLevty ($10.95 in chips) 
Seat 6: guro aye1234 ($10 in chips) 
cowgirl german: posts small blind $0.05
Black021: posts big blind $0.10
*** HOLE CARDS ***
nikolaytix: raises $5.33 to $5.43 and is all-in
DrLevty: folds 
guro aye1234: folds 
hornetsvp: folds 
cowgirl german: folds 
Black021: folds 
Uncalled bet ($5.33) returned to nikolaytix
nikolaytix collected $0.25 from pot
nikolaytix: doesn't show hand 
*** SUMMARY ***
Total pot $0.25 | Rake $0 
Seat 1: hornetsvp (button) folded before Flop (didn't bet)
Seat 2: cowgirl german (small blind) folded before Flop
Seat 3: Black021 (big blind) folded before Flop
Seat 4: nikolaytix collected ($0.25)
Seat 5: DrLevty folded before Flop (didn't bet)
Seat 6: guro aye1234 folded before Flop (didn't bet)



PokerStars Hand #222951934433:  Hold'em No Limit ($0.05/$0.10 USD) - 2021/01/23 7:22:27 ET
Table 'Capella II' 6-max Seat #2 is the button
Seat 1: hornetsvp ($10 in chips) 
Seat 2: cowgirl german ($9.85 in chips) 
Seat 3: Black021 ($11.85 in chips) 
Seat 4: nikolaytix ($5.58 in chips) 
Seat 5: DrLevty ($10.95 in chips) 
Seat 6: guro aye1234 ($10 in chips) 
Black021: posts small blind $0.05
nikolaytix: posts big blind $0.10
*** HOLE CARDS ***
DrLevty: folds 
guro aye1234: folds 
hornetsvp: raises $0.15 to $0.25
cowgirl german: folds 
Black021: folds 
nikolaytix: calls $0.15
*** FLOP *** [6c Td 2c]
nikolaytix: checks 
hornetsvp: bets $0.40
nikolaytix: folds 
Uncalled bet ($0.40) returned to hornetsvp
hornetsvp collected $0.53 from pot
hornetsvp: doesn't show hand 
*** SUMMARY ***
Total pot $0.55 | Rake $0.02 
Board [6c Td 2c]
Seat 1: hornetsvp collected ($0.53)
Seat 2: cowgirl german (button) folded before Flop (didn't bet)
Seat 3: Black021 (small blind) folded before Flop
Seat 4: nikolaytix (big blind) folded on the Flop
Seat 5: DrLevty folded before Flop (didn't bet)
Seat 6: guro aye1234 folded before Flop (didn't bet)



PokerStars Hand #222951945841:  Hold'em No Limit ($0.05/$0.10 USD) - 2021/01/23 7:22:58 ET
Table 'Capella II' 6-max Seat #3 is the button
Seat 1: hornetsvp ($10.28 in chips) 
Seat 2: cowgirl german ($10 in chips) 
Seat 3: Black021 ($11.80 in chips) 
Seat 4: nikolaytix ($5.33 in chips) 
Seat 5: DrLevty ($10.95 in chips) 
Seat 6: guro aye1234 ($10 in chips) 
nikolaytix: posts small blind $0.05
DrLevty: posts big blind $0.10
*** HOLE CARDS ***
guro aye1234: folds 
hornetsvp: folds 
cowgirl german: folds 
Black021: folds 
nikolaytix: calls $0.05
DrLevty: checks 
*** FLOP *** [Kc Js 7d]
nikolaytix: checks 
DrLevty: bets $0.10
nikolaytix: folds 
Uncalled bet ($0.10) returned to DrLevty
DrLevty collected $0.19 from pot
DrLevty: doesn't show hand 
*** SUMMARY ***
Total pot $0.20 | Rake $0.01 
Board [Kc Js 7d]
Seat 1: hornetsvp folded before Flop (didn't bet)
Seat 2: cowgirl german folded before Flop (didn't bet)
Seat 3: Black021 (button) folded before Flop (didn't bet)
Seat 4: nikolaytix (small blind) folded on the Flop
Seat 5: DrLevty (big blind) collected ($0.19)
Seat 6: guro aye1234 folded before Flop (didn't bet)



PokerStars Hand #222951954985:  Hold'em No Limit ($0.05/$0.10 USD) - 2021/01/23 7:23:23 ET
Table 'Capella II' 6-max Seat #4 is the button
Seat 1: hornetsvp ($10.28 in chips) 
Seat 2: cowgirl german ($10 in chips) 
Seat 3: Black021 ($11.80 in chips) 
Seat 4: nikolaytix ($5.23 in chips) 
Seat 5: DrLevty ($11.04 in chips) 
Seat 6: guro aye1234 ($10 in chips) 
DrLevty: posts small blind $0.05
guro aye1234: posts big blind $0.10
*** HOLE CARDS ***
hornetsvp: folds 
cowgirl german: raises $0.20 to $0.30
Black021: folds 
nikolaytix: calls $0.30
DrLevty: folds 
guro aye1234: folds 
*** FLOP *** [3c As 3h]
cowgirl german: checks 
nikolaytix: checks 
*** TURN *** [3c As 3h] [2d]
cowgirl german: bets $0.40
nikolaytix: folds 
Uncalled bet ($0.40) returned to cowgirl german
cowgirl german collected $0.72 from pot
*** SUMMARY ***
Total pot $0.75 | Rake $0.03 
Board [3c As 3h 2d]
Seat 1: hornetsvp folded before Flop (didn't bet)
Seat 2: cowgirl german collected ($0.72)
Seat 3: Black021 folded before Flop (didn't bet)
Seat 4: nikolaytix (button) folded on the Turn
Seat 5: DrLevty (small blind) folded before Flop
Seat 6: guro aye1234 (big blind) folded before Flop



PokerStars Hand #222951966361:  Hold'em No Limit ($0.05/$0.10 USD) - 2021/01/23 7:23:54 ET
Table 'Capella II' 6-max Seat #5 is the button
Seat 1: hornetsvp ($10.28 in chips) 
Seat 2: cowgirl german ($10.42 in chips) 
Seat 3: Black021 ($11.80 in chips) 
Seat 4: nikolaytix ($4.93 in chips) 
Seat 5: DrLevty ($10.99 in chips) 
Seat 6: guro aye1234 ($10 in chips) 
guro aye1234: posts small blind $0.05
hornetsvp: posts big blind $0.10
*** HOLE CARDS ***
cowgirl german: folds 
Black021: folds 
nikolaytix: calls $0.10
DrLevty: raises $0.40 to $0.50
guro aye1234: folds 
hornetsvp: folds 
nikolaytix: calls $0.40
*** FLOP *** [9s 7c Jd]
nikolaytix: bets $0.10
DrLevty: calls $0.10
*** TURN *** [9s 7c Jd] [7h]
nikolaytix: bets $4.33 and is all-in
DrLevty: folds 
Uncalled bet ($4.33) returned to nikolaytix
nikolaytix collected $1.29 from pot
nikolaytix: doesn't show hand 
*** SUMMARY ***
Total pot $1.35 | Rake $0.06 
Board [9s 7c Jd 7h]
Seat 1: hornetsvp (big blind) folded before Flop
Seat 2: cowgirl german folded before Flop (didn't bet)
Seat 3: Black021 folded before Flop (didn't bet)
Seat 4: nikolaytix collected ($1.29)
Seat 5: DrLevty (button) folded on the Turn
Seat 6: guro aye1234 (small blind) folded before Flop



PokerStars Hand #222951979590:  Hold'em No Limit ($0.05/$0.10 USD) - 2021/01/23 7:24:30 ET
Table 'Capella II' 6-max Seat #6 is the button
Seat 1: hornetsvp ($10.18 in chips) 
Seat 2: cowgirl german ($10.42 in chips) 
Seat 3: Black021 ($11.80 in chips) 
Seat 4: nikolaytix ($5.62 in chips) 
Seat 5: DrLevty ($10.39 in chips) 
Seat 6: guro aye1234 ($10 in chips) 
hornetsvp: posts small blind $0.05
cowgirl german: posts big blind $0.10
*** HOLE CARDS ***
Black021: folds 
nikolaytix: folds 
DrLevty: folds 
guro aye1234: folds 
hornetsvp: folds 
Uncalled bet ($0.05) returned to cowgirl german
cowgirl german collected $0.10 from pot
*** SUMMARY ***
Total pot $0.10 | Rake $0 
Seat 1: hornetsvp (small blind) folded before Flop
Seat 2: cowgirl german (big blind) collected ($0.10)
Seat 3: Black021 folded before Flop (didn't bet)
Seat 4: nikolaytix folded before Flop (didn't bet)
Seat 5: DrLevty folded before Flop (didn't bet)
Seat 6: guro aye1234 (button) folded before Flop (didn't bet)



PokerStars Hand #222951985167:  Hold'em No Limit ($0.05/$0.10 USD) - 2021/01/23 7:24:46 ET
Table 'Capella II' 6-max Seat #1 is the button
Seat 1: hornetsvp ($10.13 in chips) 
Seat 2: cowgirl german ($10.47 in chips) 
Seat 3: Black021 ($11.80 in chips) 
Seat 4: nikolaytix ($5.62 in chips) 
Seat 5: DrLevty ($10.39 in chips) 
Seat 6: guro aye1234 ($10 in chips) 
cowgirl german: posts small blind $0.05
Black021: posts big blind $0.10
*** HOLE CARDS ***
nikolaytix: calls $0.10
DrLevty: folds 
guro aye1234: raises $0.30 to $0.40
hornetsvp: folds 
cowgirl german: calls $0.35
Black021: raises $1.45 to $1.85
nikolaytix: folds 
guro aye1234: folds 
cowgirl german: folds 
Uncalled bet ($1.45) returned to Black021
Black021 collected $1.30 from pot
Black021: doesn't show hand 
*** SUMMARY ***
Total pot $1.30 | Rake $0 
Seat 1: hornetsvp (button) folded before Flop (didn't bet)
Seat 2: cowgirl german (small blind) folded before Flop
Seat 3: Black021 (big blind) collected ($1.30)
Seat 4: nikolaytix folded before Flop
Seat 5: DrLevty folded before Flop (didn't bet)
Seat 6: guro aye1234 folded before Flop



PokerStars Hand #222951998289:  Hold'em No Limit ($0.05/$0.10 USD) - 2021/01/23 7:25:22 ET
Table 'Capella II' 6-max Seat #2 is the button
Seat 1: hornetsvp ($10.13 in chips) 
Seat 2: cowgirl german ($10.07 in chips) 
Seat 3: Black021 ($12.70 in chips) 
Seat 4: nikolaytix ($5.52 in chips) 
Seat 5: DrLevty ($10.39 in chips) 
Seat 6: guro aye1234 ($10 in chips) 
Black021: posts small blind $0.05
nikolaytix: posts big blind $0.10
*** HOLE CARDS ***
DrLevty: raises $0.20 to $0.30
guro aye1234: folds 
hornetsvp: folds 
cowgirl german: folds 
Black021: folds 
nikolaytix: calls $0.20
*** FLOP *** [8c 6s Qc]
nikolaytix: checks 
DrLevty: bets $0.20
nikolaytix: folds 
Uncalled bet ($0.20) returned to DrLevty
DrLevty collected $0.62 from pot
DrLevty: doesn't show hand 
*** SUMMARY ***
Total pot $0.65 | Rake $0.03 
Board [8c 6s Qc]
Seat 1: hornetsvp folded before Flop (didn't bet)
Seat 2: cowgirl german (button) folded before Flop (didn't bet)
Seat 3: Black021 (small blind) folded before Flop
Seat 4: nikolaytix (big blind) folded on the Flop
Seat 5: DrLevty collected ($0.62)
Seat 6: guro aye1234 folded before Flop (didn't bet)



PokerStars Hand #222952008449:  Hold'em No Limit ($0.05/$0.10 USD) - 2021/01/23 7:25:49 ET
Table 'Capella II' 6-max Seat #3 is the button
Seat 1: hornetsvp ($10.13 in chips) 
Seat 2: cowgirl german ($10.07 in chips) 
Seat 3: Black021 ($12.65 in chips) 
Seat 4: nikolaytix ($5.22 in chips) 
Seat 5: DrLevty ($10.71 in chips) 
Seat 6: guro aye1234 ($10 in chips) 
nikolaytix: posts small blind $0.05
DrLevty: posts big blind $0.10
*** HOLE CARDS ***
guro aye1234: folds 
hornetsvp: folds 
cowgirl german: folds 
Black021: folds 
nikolaytix: raises $0.10 to $0.20
DrLevty: calls $0.10
*** FLOP *** [3c 6s As]
nikolaytix: bets $0.10
DrLevty: calls $0.10
*** TURN *** [3c 6s As] [3d]
nikolaytix: bets $0.10
DrLevty: raises $0.25 to $0.35
nikolaytix: calls $0.25
*** RIVER *** [3c 6s As 3d] [Ac]
nikolaytix: checks 
DrLevty: bets $1.10
nikolaytix: folds 
Uncalled bet ($1.10) returned to DrLevty
DrLevty collected $1.24 from pot
DrLevty: doesn't show hand 
*** SUMMARY ***
Total pot $1.30 | Rake $0.06 
Board [3c 6s As 3d Ac]
Seat 1: hornetsvp folded before Flop (didn't bet)
Seat 2: cowgirl german folded before Flop (didn't bet)
Seat 3: Black021 (button) folded before Flop (didn't bet)
Seat 4: nikolaytix (small blind) folded on the River
Seat 5: DrLevty (big blind) collected ($1.24)
Seat 6: guro aye1234 folded before Flop (didn't bet)



PokerStars Hand #222952020838:  Hold'em No Limit ($0.05/$0.10 USD) - 2021/01/23 7:26:23 ET
Table 'Capella II' 6-max Seat #4 is the button
Seat 1: hornetsvp ($10.13 in chips) 
Seat 2: cowgirl german ($10.07 in chips) 
Seat 3: Black021 ($12.65 in chips) 
Seat 4: nikolaytix ($4.57 in chips) 
Seat 5: DrLevty ($11.30 in chips) 
Seat 6: guro aye1234 ($10 in chips) 
DrLevty: posts small blind $0.05
guro aye1234: posts big blind $0.10
*** HOLE CARDS ***
hornetsvp: folds 
cowgirl german: folds 
Black021: folds 
nikolaytix: calls $0.10
DrLevty: calls $0.05
guro aye1234: raises $0.40 to $0.50
nikolaytix: folds 
DrLevty: folds 
Uncalled bet ($0.40) returned to guro aye1234
guro aye1234 collected $0.30 from pot
*** SUMMARY ***
Total pot $0.30 | Rake $0 
Seat 1: hornetsvp folded before Flop (didn't bet)
Seat 2: cowgirl german folded before Flop (didn't bet)
Seat 3: Black021 folded before Flop (didn't bet)
Seat 4: nikolaytix (button) folded before Flop
Seat 5: DrLevty (small blind) folded before Flop
Seat 6: guro aye1234 (big blind) collected ($0.30)



PokerStars Hand #222952028322:  Hold'em No Limit ($0.05/$0.10 USD) - 2021/01/23 7:26:43 ET
Table 'Capella II' 6-max Seat #5 is the button
Seat 1: hornetsvp ($10.13 in chips) 
Seat 2: cowgirl german ($10.07 in chips) 
Seat 3: Black021 ($12.65 in chips) 
Seat 4: nikolaytix ($4.47 in chips) 
Seat 5: DrLevty ($11.20 in chips) 
Seat 6: guro aye1234 ($10.20 in chips) 
guro aye1234: posts small blind $0.05
hornetsvp: posts big blind $0.10
*** HOLE CARDS ***
cowgirl german: folds 
Black021: folds 
nikolaytix: raises $0.10 to $0.20
DrLevty: folds 
guro aye1234: folds 
hornetsvp: raises $1.20 to $1.40
nikolaytix: calls $1.20
*** FLOP *** [Kd Qd 4s]
hornetsvp: checks 
nikolaytix: checks 
*** TURN *** [Kd Qd 4s] [8c]
hornetsvp: bets $4.08
nikolaytix: folds 
Uncalled bet ($4.08) returned to hornetsvp
hornetsvp collected $2.72 from pot
hornetsvp: doesn't show hand 
*** SUMMARY ***
Total pot $2.85 | Rake $0.13 
Board [Kd Qd 4s 8c]
Seat 1: hornetsvp (big blind) collected ($2.72)
Seat 2: cowgirl german folded before Flop (didn't bet)
Seat 3: Black021 folded before Flop (didn't bet)
Seat 4: nikolaytix folded on the Turn
Seat 5: DrLevty (button) folded before Flop (didn't bet)
Seat 6: guro aye1234 (small blind) folded before Flop



PokerStars Hand #222952039380:  Hold'em No Limit ($0.05/$0.10 USD) - 2021/01/23 7:27:14 ET
Table 'Capella II' 6-max Seat #6 is the button
Seat 1: hornetsvp ($11.45 in chips) 
Seat 2: cowgirl german ($10.07 in chips) 
Seat 3: Black021 ($12.65 in chips) 
Seat 4: nikolaytix ($3.07 in chips) 
Seat 5: DrLevty ($11.20 in chips) 
Seat 6: guro aye1234 ($10.15 in chips) 
hornetsvp: posts small blind $0.05
cowgirl german: posts big blind $0.10
*** HOLE CARDS ***
Black021: folds 
nikolaytix: raises $0.10 to $0.20
DrLevty: folds 
guro aye1234: folds 
hornetsvp: folds 
cowgirl german: calls $0.10
*** FLOP *** [Ks 5h 3h]
cowgirl german: checks 
nikolaytix: checks 
*** TURN *** [Ks 5h 3h] [5s]
cowgirl german: checks 
nikolaytix: checks 
*** RIVER *** [Ks 5h 3h 5s] [Td]
cowgirl german: checks 
nikolaytix: bets $0.10
cowgirl german: folds 
Uncalled bet ($0.10) returned to nikolaytix
nikolaytix collected $0.43 from pot
nikolaytix: doesn't show hand 
*** SUMMARY ***
Total pot $0.45 | Rake $0.02 
Board [Ks 5h 3h 5s Td]
Seat 1: hornetsvp (small blind) folded before Flop
Seat 2: cowgirl german (big blind) folded on the River
Seat 3: Black021 folded before Flop (didn't bet)
Seat 4: nikolaytix collected ($0.43)
Seat 5: DrLevty folded before Flop (didn't bet)
Seat 6: guro aye1234 (button) folded before Flop (didn't bet)



PokerStars Hand #222952048722:  Hold'em No Limit ($0.05/$0.10 USD) - 2021/01/23 7:27:39 ET
Table 'Capella II' 6-max Seat #1 is the button
Seat 1: hornetsvp ($11.40 in chips) 
Seat 2: cowgirl german ($9.87 in chips) 
Seat 3: Black021 ($12.65 in chips) 
Seat 4: nikolaytix ($3.30 in chips) 
Seat 5: DrLevty ($11.20 in chips) 
Seat 6: guro aye1234 ($10.15 in chips) 
cowgirl german: posts small blind $0.05
Black021: posts big blind $0.10
*** HOLE CARDS ***
nikolaytix: raises $0.20 to $0.30
DrLevty: folds 
guro aye1234: folds 
hornetsvp: folds 
cowgirl german: folds 
Black021: folds 
Uncalled bet ($0.20) returned to nikolaytix
nikolaytix collected $0.25 from pot
nikolaytix: doesn't show hand 
*** SUMMARY ***
Total pot $0.25 | Rake $0 
Seat 1: hornetsvp (button) folded before Flop (didn't bet)
Seat 2: cowgirl german (small blind) folded before Flop
Seat 3: Black021 (big blind) folded before Flop
Seat 4: nikolaytix collected ($0.25)
Seat 5: DrLevty folded before Flop (didn't bet)
Seat 6: guro aye1234 folded before Flop (didn't bet)



PokerStars Hand #222952056739:  Hold'em No Limit ($0.05/$0.10 USD) - 2021/01/23 7:28:01 ET
Table 'Capella II' 6-max Seat #2 is the button
Seat 1: hornetsvp ($11.40 in chips) 
Seat 2: cowgirl german ($9.82 in chips) 
Seat 3: Black021 ($12.55 in chips) 
Seat 4: nikolaytix ($3.45 in chips) 
Seat 5: DrLevty ($11.20 in chips) 
Seat 6: guro aye1234 ($10.15 in chips) 
Black021: posts small blind $0.05
nikolaytix: posts big blind $0.10
*** HOLE CARDS ***
DrLevty: folds 
guro aye1234: folds 
hornetsvp: folds 
cowgirl german has timed out
cowgirl german: folds 
Black021: raises $0.17 to $0.27
nikolaytix: calls $0.17
*** FLOP *** [Th Js Qc]
Black021: bets $0.34
nikolaytix: folds 
Uncalled bet ($0.34) returned to Black021
Black021 collected $0.52 from pot
Black021: doesn't show hand 
*** SUMMARY ***
Total pot $0.54 | Rake $0.02 
Board [Th Js Qc]
Seat 1: hornetsvp folded before Flop (didn't bet)
Seat 2: cowgirl german (button) folded before Flop (didn't bet)
Seat 3: Black021 (small blind) collected ($0.52)
Seat 4: nikolaytix (big blind) folded on the Flop
Seat 5: DrLevty folded before Flop (didn't bet)
Seat 6: guro aye1234 folded before Flop (didn't bet)



PokerStars Hand #222952067233:  Hold'em No Limit ($0.05/$0.10 USD) - 2021/01/23 7:28:29 ET
Table 'Capella II' 6-max Seat #3 is the button
Seat 1: hornetsvp ($11.40 in chips) 
Seat 3: Black021 ($12.80 in chips) 
Seat 4: nikolaytix ($3.18 in chips) 
Seat 5: DrLevty ($11.20 in chips) 
Seat 6: guro aye1234 ($10.15 in chips) 
nikolaytix: posts small blind $0.05
DrLevty: posts big blind $0.10
*** HOLE CARDS ***
guro aye1234: folds 
hornetsvp: folds 
Black021: folds 
nikolaytix: calls $0.05
DrLevty: raises $0.20 to $0.30
nikolaytix: calls $0.20
*** FLOP *** [Kc 4d Ac]
nikolaytix: checks 
DrLevty: bets $0.19
nikolaytix: raises $2.69 to $2.88 and is all-in
DrLevty: folds 
Uncalled bet ($2.69) returned to nikolaytix
nikolaytix collected $0.94 from pot
nikolaytix: doesn't show hand 
*** SUMMARY ***
Total pot $0.98 | Rake $0.04 
Board [Kc 4d Ac]
Seat 1: hornetsvp folded before Flop (didn't bet)
Seat 3: Black021 (button) folded before Flop (didn't bet)
Seat 4: nikolaytix (small blind) collected ($0.94)
Seat 5: DrLevty (big blind) folded on the Flop
Seat 6: guro aye1234 folded before Flop (didn't bet)



PokerStars Hand #222952074592:  Hold'em No Limit ($0.05/$0.10 USD) - 2021/01/23 7:28:50 ET
Table 'Capella II' 6-max Seat #4 is the button
Seat 1: hornetsvp ($11.40 in chips) 
Seat 3: Black021 ($12.80 in chips) 
Seat 4: nikolaytix ($3.63 in chips) 
Seat 5: DrLevty ($10.71 in chips) 
Seat 6: guro aye1234 ($10.15 in chips) 
DrLevty: posts small blind $0.05
guro aye1234: posts big blind $0.10
*** HOLE CARDS ***
hornetsvp: folds 
Black021: folds 
nikolaytix: calls $0.10
DrLevty: raises $0.40 to $0.50
guro aye1234: folds 
nikolaytix: calls $0.40
*** FLOP *** [3s 3c Jh]
DrLevty: bets $0.35
nikolaytix: raises $2.78 to $3.13 and is all-in
DrLevty: calls $2.78
*** TURN *** [3s 3c Jh] [Jc]
*** RIVER *** [3s 3c Jh Jc] [5d]
*** SHOW DOWN ***
DrLevty: shows [Js Ts] (a full house, Jacks full of Threes)
nikolaytix: shows [Jd 8s] (a full house, Jacks full of Threes)
DrLevty collected $3.52 from pot
nikolaytix collected $3.51 from pot
*** SUMMARY ***
Total pot $7.36 | Rake $0.33 
Board [3s 3c Jh Jc 5d]
Seat 1: hornetsvp folded before Flop (didn't bet)
Seat 3: Black021 folded before Flop (didn't bet)
Seat 4: nikolaytix (button) showed [Jd 8s] and won ($3.51) with a full house, Jacks full of Threes
Seat 5: DrLevty (small blind) showed [Js Ts] and won ($3.52) with a full house, Jacks full of Threes
Seat 6: guro aye1234 (big blind) folded before Flop



PokerStars Hand #222952085274:  Hold'em No Limit ($0.05/$0.10 USD) - 2021/01/23 7:29:18 ET
Table 'Capella II' 6-max Seat #5 is the button
Seat 1: hornetsvp ($11.40 in chips) 
Seat 3: Black021 ($12.80 in chips) 
Seat 4: nikolaytix ($3.51 in chips) 
Seat 5: DrLevty ($10.60 in chips) 
Seat 6: guro aye1234 ($10.05 in chips) 
guro aye1234: posts small blind $0.05
hornetsvp: posts big blind $0.10
*** HOLE CARDS ***
Black021: folds 
nikolaytix: calls $0.10
DrLevty: folds 
guro aye1234: folds 
hornetsvp: checks 
*** FLOP *** [9s 2s Kc]
hornetsvp: checks 
nikolaytix: checks 
*** TURN *** [9s 2s Kc] [4h]
hornetsvp: checks 
nikolaytix: checks 
*** RIVER *** [9s 2s Kc 4h] [5s]
hornetsvp: checks 
nikolaytix: checks 
*** SHOW DOWN ***
hornetsvp: shows [As 8d] (high card Ace)
nikolaytix: mucks hand 
hornetsvp collected $0.24 from pot
*** SUMMARY ***
Total pot $0.25 | Rake $0.01 
Board [9s 2s Kc 4h 5s]
Seat 1: hornetsvp (big blind) showed [As 8d] and won ($0.24) with high card Ace
Seat 3: Black021 folded before Flop (didn't bet)
Seat 4: nikolaytix mucked
Seat 5: DrLevty (button) folded before Flop (didn't bet)
Seat 6: guro aye1234 (small blind) folded before Flop



PokerStars Hand #222952096267:  Hold'em No Limit ($0.05/$0.10 USD) - 2021/01/23 7:29:48 ET
Table 'Capella II' 6-max Seat #6 is the button
Seat 1: hornetsvp ($11.54 in chips) 
Seat 3: Black021 ($12.80 in chips) 
Seat 4: nikolaytix ($3.41 in chips) 
Seat 5: DrLevty ($10.60 in chips) 
Seat 6: guro aye1234 ($10 in chips) 
hornetsvp: posts small blind $0.05
Black021: posts big blind $0.10
*** HOLE CARDS ***
nikolaytix: calls $0.10
DrLevty: raises $0.40 to $0.50
guro aye1234: folds 
hornetsvp: folds 
Black021: calls $0.40
nikolaytix: calls $0.40
*** FLOP *** [5s 3s Kd]
Black021: checks 
nikolaytix: checks 
DrLevty: bets $0.49
Black021: calls $0.49
nikolaytix: folds 
*** TURN *** [5s 3s Kd] [Js]
Black021: checks 
DrLevty: checks 
*** RIVER *** [5s 3s Kd Js] [2h]
Black021: checks 
DrLevty: checks 
*** SHOW DOWN ***
Black021: shows [Th Kh] (a pair of Kings)
DrLevty: mucks hand 
Black021 collected $2.42 from pot
*** SUMMARY ***
Total pot $2.53 | Rake $0.11 
Board [5s 3s Kd Js 2h]
Seat 1: hornetsvp (small blind) folded before Flop
Seat 3: Black021 (big blind) showed [Th Kh] and won ($2.42) with a pair of Kings
Seat 4: nikolaytix folded on the Flop
Seat 5: DrLevty mucked
Seat 6: guro aye1234 (button) folded before Flop (didn't bet)



PokerStars Hand #222952112501:  Hold'em No Limit ($0.05/$0.10 USD) - 2021/01/23 7:30:32 ET
Table 'Capella II' 6-max Seat #1 is the button
Seat 1: hornetsvp ($11.49 in chips) 
Seat 3: Black021 ($14.23 in chips) 
Seat 4: nikolaytix ($2.91 in chips) 
Seat 5: DrLevty ($10 in chips) 
Seat 6: guro aye1234 ($10 in chips) 
Black021: posts small blind $0.05
nikolaytix: posts big blind $0.10
*** HOLE CARDS ***
DrLevty: folds 
guro aye1234: folds 
hornetsvp: raises $0.15 to $0.25
Black021: folds 
nikolaytix: folds 
Uncalled bet ($0.15) returned to hornetsvp
hornetsvp collected $0.25 from pot
hornetsvp: doesn't show hand 
*** SUMMARY ***
Total pot $0.25 | Rake $0 
Seat 1: hornetsvp (button) collected ($0.25)
Seat 3: Black021 (small blind) folded before Flop
Seat 4: nikolaytix (big blind) folded before Flop
Seat 5: DrLevty folded before Flop (didn't bet)
Seat 6: guro aye1234 folded before Flop (didn't bet)



PokerStars Hand #222952115785:  Hold'em No Limit ($0.05/$0.10 USD) - 2021/01/23 7:30:41 ET
Table 'Capella II' 6-max Seat #3 is the button
Seat 1: hornetsvp ($11.64 in chips) 
Seat 3: Black021 ($14.18 in chips) 
Seat 4: nikolaytix ($2.81 in chips) 
Seat 5: DrLevty ($10 in chips) 
Seat 6: guro aye1234 ($10 in chips) 
nikolaytix: posts small blind $0.05
DrLevty: posts big blind $0.10
*** HOLE CARDS ***
guro aye1234: folds 
hornetsvp: raises $0.15 to $0.25
Black021: folds 
nikolaytix: calls $0.20
DrLevty: folds 
*** FLOP *** [8d Kh Th]
nikolaytix: checks 
hornetsvp: checks 
*** TURN *** [8d Kh Th] [9h]
nikolaytix: bets $0.10
hornetsvp: calls $0.10
*** RIVER *** [8d Kh Th 9h] [8c]
nikolaytix: bets $0.10
hornetsvp: calls $0.10
*** SHOW DOWN ***
nikolaytix: shows [6s Qc] (a pair of Eights)
hornetsvp: shows [Qh Jc] (a straight, Nine to King)
hornetsvp collected $0.96 from pot
*** SUMMARY ***
Total pot $1 | Rake $0.04 
Board [8d Kh Th 9h 8c]
Seat 1: hornetsvp showed [Qh Jc] and won ($0.96) with a straight, Nine to King
Seat 3: Black021 (button) folded before Flop (didn't bet)
Seat 4: nikolaytix (small blind) showed [6s Qc] and lost with a pair of Eights
Seat 5: DrLevty (big blind) folded before Flop
Seat 6: guro aye1234 folded before Flop (didn't bet)



PokerStars Hand #222952126997:  Hold'em No Limit ($0.05/$0.10 USD) - 2021/01/23 7:31:12 ET
Table 'Capella II' 6-max Seat #4 is the button
Seat 1: hornetsvp ($12.15 in chips) 
Seat 3: Black021 ($14.18 in chips) 
Seat 4: nikolaytix ($2.36 in chips) 
Seat 5: DrLevty ($10 in chips) 
Seat 6: guro aye1234 ($10 in chips) 
DrLevty: posts small blind $0.05
guro aye1234: posts big blind $0.10
*** HOLE CARDS ***
hornetsvp: folds 
Black021: folds 
nikolaytix: calls $0.10
DrLevty: calls $0.05
guro aye1234: checks 
*** FLOP *** [Ah 4s Jc]
DrLevty: checks 
guro aye1234: checks 
nikolaytix: checks 
*** TURN *** [Ah 4s Jc] [6h]
DrLevty: bets $0.10
guro aye1234: folds 
nikolaytix: calls $0.10
*** RIVER *** [Ah 4s Jc 6h] [Ad]
DrLevty: checks 
nikolaytix: checks 
*** SHOW DOWN ***
DrLevty: shows [8h 7h] (a pair of Aces)
nikolaytix: mucks hand 
DrLevty collected $0.48 from pot
*** SUMMARY ***
Total pot $0.50 | Rake $0.02 
Board [Ah 4s Jc 6h Ad]
Seat 1: hornetsvp folded before Flop (didn't bet)
Seat 3: Black021 folded before Flop (didn't bet)
Seat 4: nikolaytix (button) mucked
Seat 5: DrLevty (small blind) showed [8h 7h] and won ($0.48) with a pair of Aces
Seat 6: guro aye1234 (big blind) folded on the Turn



PokerStars Hand #222952144393:  Hold'em No Limit ($0.05/$0.10 USD) - 2021/01/23 7:31:59 ET
Table 'Capella II' 6-max Seat #5 is the button
Seat 3: Black021 ($14.18 in chips) 
Seat 4: nikolaytix ($2.16 in chips) 
Seat 5: DrLevty ($10.28 in chips) 
Seat 6: guro aye1234 ($10 in chips) 
guro aye1234: posts small blind $0.05
hornetsvp: is sitting out 
Black021: posts big blind $0.10
*** HOLE CARDS ***
nikolaytix: calls $0.10
DrLevty: folds 
guro aye1234: folds 
Black021: checks 
*** FLOP *** [Qd 9h 6c]
hornetsvp leaves the table
Black021: checks 
nikolaytix: checks 
*** TURN *** [Qd 9h 6c] [Ks]
Black021: checks 
fanut1 joins the table at seat #1 
nikolaytix: checks 
*** RIVER *** [Qd 9h 6c Ks] [4h]
Black021: checks 
nikolaytix: bets $0.10
Black021: folds 
Uncalled bet ($0.10) returned to nikolaytix
nikolaytix collected $0.24 from pot
nikolaytix: doesn't show hand 
*** SUMMARY ***
Total pot $0.25 | Rake $0.01 
Board [Qd 9h 6c Ks 4h]
Seat 3: Black021 (big blind) folded on the River
Seat 4: nikolaytix collected ($0.24)
Seat 5: DrLevty (button) folded before Flop (didn't bet)
Seat 6: guro aye1234 (small blind) folded before Flop



PokerStars Hand #222952157192:  Hold'em No Limit ($0.05/$0.10 USD) - 2021/01/23 7:32:33 ET
Table 'Capella II' 6-max Seat #6 is the button
Seat 3: Black021 ($14.08 in chips) 
Seat 4: nikolaytix ($2.30 in chips) 
Seat 5: DrLevty ($10.28 in chips) 
Seat 6: guro aye1234 ($10 in chips) 
Black021: posts small blind $0.05
nikolaytix: posts big blind $0.10
*** HOLE CARDS ***
DrLevty: folds 
guro aye1234: folds 
Black021: folds 
Uncalled bet ($0.05) returned to nikolaytix
nikolaytix collected $0.10 from pot
nikolaytix: doesn't show hand 
*** SUMMARY ***
Total pot $0.10 | Rake $0 
Seat 3: Black021 (small blind) folded before Flop
Seat 4: nikolaytix (big blind) collected ($0.10)
Seat 5: DrLevty folded before Flop (didn't bet)
Seat 6: guro aye1234 (button) folded before Flop (didn't bet)



PokerStars Hand #222952159386:  Hold'em No Limit ($0.05/$0.10 USD) - 2021/01/23 7:32:39 ET
Table 'Capella II' 6-max Seat #3 is the button
Seat 3: Black021 ($14.03 in chips) 
Seat 4: nikolaytix ($2.35 in chips) 
Seat 5: DrLevty ($10.28 in chips) 
Seat 6: guro aye1234 ($10 in chips) 
nikolaytix: posts small blind $0.05
DrLevty: posts big blind $0.10
fanut1: sits out 
*** HOLE CARDS ***
guro aye1234: folds 
Black021: folds 
nikolaytix: raises $0.10 to $0.20
DrLevty: folds 
Uncalled bet ($0.10) returned to nikolaytix
nikolaytix collected $0.20 from pot
nikolaytix: doesn't show hand 
*** SUMMARY ***
Total pot $0.20 | Rake $0 
Seat 3: Black021 (button) folded before Flop (didn't bet)
Seat 4: nikolaytix (small blind) collected ($0.20)
Seat 5: DrLevty (big blind) folded before Flop
Seat 6: guro aye1234 folded before Flop (didn't bet)



PokerStars Hand #222952164829:  Hold'em No Limit ($0.05/$0.10 USD) - 2021/01/23 7:32:54 ET
Table 'Capella II' 6-max Seat #4 is the button
Seat 3: Black021 ($14.03 in chips) 
Seat 4: nikolaytix ($2.45 in chips) 
Seat 5: DrLevty ($10.18 in chips) 
Seat 6: guro aye1234 ($10 in chips) 
DrLevty: posts small blind $0.05
guro aye1234: posts big blind $0.10
fanut1: sits out 
*** HOLE CARDS ***
Black021: folds 
nikolaytix: calls $0.10
DrLevty: folds 
guro aye1234: raises $0.30 to $0.40
nikolaytix: calls $0.30
*** FLOP *** [7c 2h 6d]
fanut1 leaves the table
guro aye1234: bets $0.53
nikolaytix: raises $1.52 to $2.05 and is all-in
guro aye1234: folds 
Uncalled bet ($1.52) returned to nikolaytix
nikolaytix collected $1.82 from pot
nikolaytix: doesn't show hand 
*** SUMMARY ***
Total pot $1.91 | Rake $0.09 
Board [7c 2h 6d]
Seat 3: Black021 folded before Flop (didn't bet)
Seat 4: nikolaytix (button) collected ($1.82)
Seat 5: DrLevty (small blind) folded before Flop
Seat 6: guro aye1234 (big blind) folded on the Flop



PokerStars Hand #222952174232:  Hold'em No Limit ($0.05/$0.10 USD) - 2021/01/23 7:33:19 ET
Table 'Capella II' 6-max Seat #5 is the button
Seat 3: Black021 ($14.03 in chips) 
Seat 4: nikolaytix ($3.34 in chips) 
Seat 5: DrLevty ($10.13 in chips) 
Seat 6: guro aye1234 ($10 in chips) 
guro aye1234: posts small blind $0.05
Black021: posts big blind $0.10
*** HOLE CARDS ***
nikolaytix: calls $0.10
DrLevty: raises $0.40 to $0.50
guro aye1234: folds 
Black021: folds 
SICKDUCK69 joins the table at seat #1 
nikolaytix: calls $0.40
*** FLOP *** [8s 2h 6c]
nikolaytix: checks 
DrLevty: checks 
*** TURN *** [8s 2h 6c] [As]
nikolaytix: checks 
DrLevty: bets $0.36
nikolaytix: folds 
Uncalled bet ($0.36) returned to DrLevty
DrLevty collected $1.10 from pot
DrLevty: doesn't show hand 
*** SUMMARY ***
Total pot $1.15 | Rake $0.05 
Board [8s 2h 6c As]
Seat 3: Black021 (big blind) folded before Flop
Seat 4: nikolaytix folded on the Turn
Seat 5: DrLevty (button) collected ($1.10)
Seat 6: guro aye1234 (small blind) folded before Flop



PokerStars Hand #222952185263:  Hold'em No Limit ($0.05/$0.10 USD) - 2021/01/23 7:33:49 ET
Table 'Capella II' 6-max Seat #6 is the button
Seat 3: Black021 ($13.93 in chips) 
Seat 4: nikolaytix ($2.84 in chips) 
Seat 5: DrLevty ($10.73 in chips) 
Seat 6: guro aye1234 ($10 in chips) 
Black021: posts small blind $0.05
nikolaytix: posts big blind $0.10
*** HOLE CARDS ***
DrLevty: folds 
guro aye1234: raises $0.15 to $0.25
Black021: folds 
nikolaytix: calls $0.15
*** FLOP *** [Js 7s Ks]
nikolaytix: checks 
guro aye1234: bets $0.17
nikolaytix: calls $0.17
*** TURN *** [Js 7s Ks] [8h]
nikolaytix: checks 
guro aye1234: checks 
*** RIVER *** [Js 7s Ks 8h] [Qh]
nikolaytix: checks 
guro aye1234: checks 
*** SHOW DOWN ***
nikolaytix: shows [6s Jh] (a pair of Jacks)
guro aye1234: shows [Jd Ah] (a pair of Jacks - Ace kicker)
guro aye1234 collected $0.85 from pot
*** SUMMARY ***
Total pot $0.89 | Rake $0.04 
Board [Js 7s Ks 8h Qh]
Seat 3: Black021 (small blind) folded before Flop
Seat 4: nikolaytix (big blind) showed [6s Jh] and lost with a pair of Jacks
Seat 5: DrLevty folded before Flop (didn't bet)
Seat 6: guro aye1234 (button) showed [Jd Ah] and won ($0.85) with a pair of Jacks



PokerStars Hand #222952195004:  Hold'em No Limit ($0.05/$0.10 USD) - 2021/01/23 7:34:16 ET
Table 'Capella II' 6-max Seat #3 is the button
Seat 1: SICKDUCK69 ($10 in chips) 
Seat 3: Black021 ($13.88 in chips) 
Seat 4: nikolaytix ($2.42 in chips) 
Seat 5: DrLevty ($10.73 in chips) 
Seat 6: guro aye1234 ($10.43 in chips) 
nikolaytix: posts small blind $0.05
DrLevty: posts big blind $0.10
SICKDUCK69: posts big blind $0.10
*** HOLE CARDS ***
guro aye1234: folds 
SICKDUCK69: checks 
Black021: folds 
nikolaytix: raises $0.30 to $0.40
DrLevty: folds 
SICKDUCK69: calls $0.30
*** FLOP *** [7c Js Ad]
nikolaytix: bets $2.02 and is all-in
SICKDUCK69: calls $2.02
*** TURN *** [7c Js Ad] [4h]
*** RIVER *** [7c Js Ad 4h] [Qh]
*** SHOW DOWN ***
nikolaytix: shows [6c Ah] (a pair of Aces)
SICKDUCK69: shows [Th Ks] (a straight, Ten to Ace)
SICKDUCK69 collected $4.72 from pot
*** SUMMARY ***
Total pot $4.94 | Rake $0.22 
Board [7c Js Ad 4h Qh]
Seat 1: SICKDUCK69 showed [Th Ks] and won ($4.72) with a straight, Ten to Ace
Seat 3: Black021 (button) folded before Flop (didn't bet)
Seat 4: nikolaytix (small blind) showed [6c Ah] and lost with a pair of Aces
Seat 5: DrLevty (big blind) folded before Flop
Seat 6: guro aye1234 folded before Flop (didn't bet)



PokerStars Hand #222952205819:  Hold'em No Limit ($0.05/$0.10 USD) - 2021/01/23 7:34:45 ET
Table 'Capella II' 6-max Seat #5 is the button
Seat 1: SICKDUCK69 ($12.30 in chips) 
Seat 3: Black021 ($13.88 in chips) 
Seat 5: DrLevty ($10.63 in chips) 
Seat 6: guro aye1234 ($10.43 in chips) 
guro aye1234: posts small blind $0.05
SICKDUCK69: posts big blind $0.10
*** HOLE CARDS ***
Black021: raises $0.15 to $0.25
DrLevty: folds 
guro aye1234: folds 
SICKDUCK69: calls $0.15
*** FLOP *** [Jc 8s 9d]
SICKDUCK69: checks 
nikolaytix leaves the table
Black021: checks 
*** TURN *** [Jc 8s 9d] [8c]
SICKDUCK69: bets $0.35
Black021: folds 
Uncalled bet ($0.35) returned to SICKDUCK69
SICKDUCK69 collected $0.53 from pot
SICKDUCK69: doesn't show hand 
*** SUMMARY ***
Total pot $0.55 | Rake $0.02 
Board [Jc 8s 9d 8c]
Seat 1: SICKDUCK69 (big blind) collected ($0.53)
Seat 3: Black021 folded on the Turn
Seat 5: DrLevty (button) folded before Flop (didn't bet)
Seat 6: guro aye1234 (small blind) folded before Flop



PokerStars Hand #222952220880:  Hold'em No Limit ($0.05/$0.10 USD) - 2021/01/23 7:35:25 ET
Table 'Capella II' 6-max Seat #6 is the button
Seat 1: SICKDUCK69 ($12.58 in chips) 
Seat 4: irp0k ($10 in chips) 
Seat 6: densamara_63 ($10 in chips) 
SICKDUCK69: posts small blind $0.05
irp0k: posts big blind $0.10
*** HOLE CARDS ***
densamara_63: folds 
SICKDUCK69: raises $0.15 to $0.25
irp0k: folds 
Uncalled bet ($0.15) returned to SICKDUCK69
SICKDUCK69 collected $0.20 from pot
SICKDUCK69: doesn't show hand 
*** SUMMARY ***
Total pot $0.20 | Rake $0 
Seat 1: SICKDUCK69 (small blind) collected ($0.20)
Seat 4: irp0k (big blind) folded before Flop
Seat 6: densamara_63 (button) folded before Flop (didn't bet)



PokerStars Hand #222952228407:  Hold'em No Limit ($0.05/$0.10 USD) - 2021/01/23 7:35:46 ET
Table 'Capella II' 6-max Seat #1 is the button
Seat 1: SICKDUCK69 ($12.68 in chips) 
Seat 4: irp0k ($10 in chips) 
Seat 6: densamara_63 ($10 in chips) 
irp0k: posts small blind $0.05
densamara_63: posts big blind $0.10
*** HOLE CARDS ***
SICKDUCK69: calls $0.10
irp0k: folds 
densamara_63: checks 
*** FLOP *** [2c Kc Ks]
densamara_63: checks 
Im Grinder joins the table at seat #3 
SICKDUCK69: bets $0.10
densamara_63: folds 
Uncalled bet ($0.10) returned to SICKDUCK69
SICKDUCK69 collected $0.24 from pot
SICKDUCK69: doesn't show hand 
*** SUMMARY ***
Total pot $0.25 | Rake $0.01 
Board [2c Kc Ks]
Seat 1: SICKDUCK69 (button) collected ($0.24)
Seat 4: irp0k (small blind) folded before Flop
Seat 6: densamara_63 (big blind) folded on the Flop



PokerStars Hand #222952241027:  Hold'em No Limit ($0.05/$0.10 USD) - 2021/01/23 7:36:19 ET
Table 'Capella II' 6-max Seat #4 is the button
Seat 1: SICKDUCK69 ($12.82 in chips) 
Seat 4: irp0k ($10 in chips) 
Seat 6: densamara_63 ($10 in chips) 
densamara_63: posts small blind $0.05
SICKDUCK69: posts big blind $0.10
Im Grinder: sits out 
*** HOLE CARDS ***
Jesus Ololo joins the table at seat #5 
irp0k: folds 
irp0k leaves the table
densamara_63: raises $0.20 to $0.30
SICKDUCK69: folds 
Uncalled bet ($0.20) returned to densamara_63
densamara_63 collected $0.20 from pot
*** SUMMARY ***
Total pot $0.20 | Rake $0 
Seat 1: SICKDUCK69 (big blind) folded before Flop
Seat 4: irp0k (button) folded before Flop (didn't bet)
Seat 6: densamara_63 (small blind) collected ($0.20)



PokerStars Hand #222952245775:  Hold'em No Limit ($0.05/$0.10 USD) - 2021/01/23 7:36:32 ET
Table 'Capella II' 6-max Seat #6 is the button
Seat 1: SICKDUCK69 ($12.72 in chips) 
Seat 3: Im Grinder ($10 in chips) 
Seat 6: densamara_63 ($10.10 in chips) 
SICKDUCK69: posts small blind $0.05
Im Grinder: posts big blind $0.10
Jesus Ololo: sits out 
*** HOLE CARDS ***
densamara_63: raises $0.12 to $0.22
SICKDUCK69: folds 
Im Grinder: calls $0.12
*** FLOP *** [Js Kh 7d]
bensari joins the table at seat #4 
Im Grinder: checks 
densamara_63: bets $0.16
Im Grinder: raises $0.34 to $0.50
densamara_63: folds 
Uncalled bet ($0.34) returned to Im Grinder
Im Grinder collected $0.77 from pot
Im Grinder: doesn't show hand 
*** SUMMARY ***
Total pot $0.81 | Rake $0.04 
Board [Js Kh 7d]
Seat 1: SICKDUCK69 (small blind) folded before Flop
Seat 3: Im Grinder (big blind) collected ($0.77)
Seat 6: densamara_63 (button) folded on the Flop



PokerStars Hand #222952257419:  Hold'em No Limit ($0.05/$0.10 USD) - 2021/01/23 7:37:03 ET
Table 'Capella II' 6-max Seat #1 is the button
Seat 1: SICKDUCK69 ($12.67 in chips) 
Seat 3: Im Grinder ($10.39 in chips) 
Seat 4: bensari ($10 in chips) 
Seat 6: densamara_63 ($10 in chips) 
Im Grinder: posts small blind $0.05
bensari: posts big blind $0.10
Jesus Ololo: sits out 
*** HOLE CARDS ***
densamara_63: folds 
SICKDUCK69: folds 
Im Grinder: folds 
Uncalled bet ($0.05) returned to bensari
bensari collected $0.10 from pot
bensari: doesn't show hand 
*** SUMMARY ***
Total pot $0.10 | Rake $0 
Seat 1: SICKDUCK69 (button) folded before Flop (didn't bet)
Seat 3: Im Grinder (small blind) folded before Flop
Seat 4: bensari (big blind) collected ($0.10)
Seat 6: densamara_63 folded before Flop (didn't bet)



PokerStars Hand #222952259975:  Hold'em No Limit ($0.05/$0.10 USD) - 2021/01/23 7:37:10 ET
Table 'Capella II' 6-max Seat #3 is the button
Seat 1: SICKDUCK69 ($12.67 in chips) 
Seat 3: Im Grinder ($10.34 in chips) 
Seat 4: bensari ($10.05 in chips) 
Seat 5: Jesus Ololo ($10 in chips) 
Seat 6: densamara_63 ($10 in chips) 
bensari: posts small blind $0.05
Jesus Ololo: posts big blind $0.10
*** HOLE CARDS ***
densamara_63: folds 
SICKDUCK69: folds 
Im Grinder: folds 
bensari: calls $0.05
Jesus Ololo: raises $0.30 to $0.40
bensari: calls $0.30
*** FLOP *** [Qs Ks 2h]
bensari: checks 
Jesus Ololo: bets $0.42
bensari: folds 
Uncalled bet ($0.42) returned to Jesus Ololo
Jesus Ololo collected $0.76 from pot
*** SUMMARY ***
Total pot $0.80 | Rake $0.04 
Board [Qs Ks 2h]
Seat 1: SICKDUCK69 folded before Flop (didn't bet)
Seat 3: Im Grinder (button) folded before Flop (didn't bet)
Seat 4: bensari (small blind) folded on the Flop
Seat 5: Jesus Ololo (big blind) collected ($0.76)
Seat 6: densamara_63 folded before Flop (didn't bet)



PokerStars Hand #222952267573:  Hold'em No Limit ($0.05/$0.10 USD) - 2021/01/23 7:37:30 ET
Table 'Capella II' 6-max Seat #4 is the button
Seat 1: SICKDUCK69 ($12.67 in chips) 
Seat 3: Im Grinder ($10.34 in chips) 
Seat 4: bensari ($9.65 in chips) 
Seat 5: Jesus Ololo ($10.36 in chips) 
Jesus Ololo: posts small blind $0.05
densamara_63: is sitting out 
SICKDUCK69: posts big blind $0.10
*** HOLE CARDS ***
Im Grinder: raises $0.20 to $0.30
bensari: folds 
Jesus Ololo: folds 
SICKDUCK69: folds 
Uncalled bet ($0.20) returned to Im Grinder
Im Grinder collected $0.25 from pot
Im Grinder: doesn't show hand 
*** SUMMARY ***
Total pot $0.25 | Rake $0 
Seat 1: SICKDUCK69 (big blind) folded before Flop
Seat 3: Im Grinder collected ($0.25)
Seat 4: bensari (button) folded before Flop (didn't bet)
Seat 5: Jesus Ololo (small blind) folded before Flop



PokerStars Hand #222952273655:  Hold'em No Limit ($0.05/$0.10 USD) - 2021/01/23 7:37:46 ET
Table 'Capella II' 6-max Seat #5 is the button
Seat 1: SICKDUCK69 ($12.57 in chips) 
Seat 3: Im Grinder ($10.49 in chips) 
Seat 4: bensari ($9.65 in chips) 
Seat 5: Jesus Ololo ($10.31 in chips) 
SICKDUCK69: posts small blind $0.05
Im Grinder: posts big blind $0.10
*** HOLE CARDS ***
bensari: folds 
Jesus Ololo: raises $0.15 to $0.25
SICKDUCK69: calls $0.20
Im Grinder: folds 
*** FLOP *** [9h 6h 3c]
SICKDUCK69: bets $0.38
Jesus Ololo: folds 
Uncalled bet ($0.38) returned to SICKDUCK69
SICKDUCK69 collected $0.57 from pot
SICKDUCK69: doesn't show hand 
*** SUMMARY ***
Total pot $0.60 | Rake $0.03 
Board [9h 6h 3c]
Seat 1: SICKDUCK69 (small blind) collected ($0.57)
Seat 3: Im Grinder (big blind) folded before Flop
Seat 4: bensari folded before Flop (didn't bet)
Seat 5: Jesus Ololo (button) folded on the Flop



PokerStars Hand #222952284101:  Hold'em No Limit ($0.05/$0.10 USD) - 2021/01/23 7:38:14 ET
Table 'Capella II' 6-max Seat #1 is the button
Seat 1: SICKDUCK69 ($12.89 in chips) 
Seat 3: Im Grinder ($10.39 in chips) 
Seat 4: bensari ($9.65 in chips) 
Seat 5: Jesus Ololo ($10.06 in chips) 
Im Grinder: posts small blind $0.05
bensari: posts big blind $0.10
*** HOLE CARDS ***
Jesus Ololo: raises $0.15 to $0.25
SICKDUCK69: folds 
Im Grinder: folds 
bensari: calls $0.15
*** FLOP *** [Kd 6c Qd]
bensari: checks 
Jesus Ololo: bets $0.29
bensari: calls $0.29
*** TURN *** [Kd 6c Qd] [3d]
bensari: checks 
Jesus Ololo: bets $0.81
bensari: calls $0.81
*** RIVER *** [Kd 6c Qd 3d] [8h]
bensari: checks 
Jesus Ololo: checks 
*** SHOW DOWN ***
bensari: shows [3c 3s] (three of a kind, Threes)
Jesus Ololo: mucks hand 
bensari collected $2.63 from pot
*** SUMMARY ***
Total pot $2.75 | Rake $0.12 
Board [Kd 6c Qd 3d 8h]
Seat 1: SICKDUCK69 (button) folded before Flop (didn't bet)
Seat 3: Im Grinder (small blind) folded before Flop
Seat 4: bensari (big blind) showed [3c 3s] and won ($2.63) with three of a kind, Threes
Seat 5: Jesus Ololo mucked



PokerStars Hand #222952296010:  Hold'em No Limit ($0.05/$0.10 USD) - 2021/01/23 7:38:46 ET
Table 'Capella II' 6-max Seat #3 is the button
Seat 1: SICKDUCK69 ($12.89 in chips) 
Seat 3: Im Grinder ($10.34 in chips) 
Seat 4: bensari ($10.93 in chips) 
bensari: posts small blind $0.05
Jesus Ololo: is sitting out 
SICKDUCK69: posts big blind $0.10
*** HOLE CARDS ***
Im Grinder: folds 
bensari: folds 
Uncalled bet ($0.05) returned to SICKDUCK69
SICKDUCK69 collected $0.10 from pot
Jesus Ololo leaves the table
*** SUMMARY ***
Total pot $0.10 | Rake $0 
Seat 1: SICKDUCK69 (big blind) collected ($0.10)
Seat 3: Im Grinder (button) folded before Flop (didn't bet)
Seat 4: bensari (small blind) folded before Flop



PokerStars Hand #222952297794:  Hold'em No Limit ($0.05/$0.10 USD) - 2021/01/23 7:38:50 ET
Table 'Capella II' 6-max Seat #4 is the button
Seat 1: SICKDUCK69 ($12.94 in chips) 
Seat 3: Im Grinder ($10.34 in chips) 
Seat 4: bensari ($10.88 in chips) 
SICKDUCK69: posts small blind $0.05
Im Grinder: posts big blind $0.10
*** HOLE CARDS ***
bensari: calls $0.10
SICKDUCK69: calls $0.05
bang4buck111 joins the table at seat #5 
Im Grinder: checks 
*** FLOP *** [5h Qc 9c]
SICKDUCK69: checks 
Im Grinder: checks 
bensari: checks 
*** TURN *** [5h Qc 9c] [Qs]
SICKDUCK69: checks 
Im Grinder: checks 
bensari: checks 
*** RIVER *** [5h Qc 9c Qs] [7h]
SICKDUCK69: checks 
Im Grinder: checks 
bensari: checks 
*** SHOW DOWN ***
SICKDUCK69: shows [Th Jc] (a pair of Queens)
Im Grinder: shows [5c 6c] (two pair, Queens and Fives)
bensari: shows [7d Ah] (two pair, Queens and Sevens)
bensari collected $0.29 from pot
cowgirl german was removed from the table for failing to post
cowgirl german leaves the table
*** SUMMARY ***
Total pot $0.30 | Rake $0.01 
Board [5h Qc 9c Qs 7h]
Seat 1: SICKDUCK69 (small blind) showed [Th Jc] and lost with a pair of Queens
Seat 3: Im Grinder (big blind) showed [5c 6c] and lost with two pair, Queens and Fives
Seat 4: bensari (button) showed [7d Ah] and won ($0.29) with two pair, Queens and Sevens



PokerStars Hand #222952316071:  Hold'em No Limit ($0.05/$0.10 USD) - 2021/01/23 7:39:39 ET
Table 'Capella II' 6-max Seat #1 is the button
Seat 1: SICKDUCK69 ($12.84 in chips) 
Seat 3: Im Grinder ($10.24 in chips) 
Seat 4: bensari ($11.07 in chips) 
Im Grinder: posts small blind $0.05
bensari: posts big blind $0.10
bang4buck111: sits out 
densamara_63: sits out 
*** HOLE CARDS ***
SICKDUCK69: folds 
Im Grinder: folds 
Uncalled bet ($0.05) returned to bensari
bensari collected $0.10 from pot
bensari: doesn't show hand 
*** SUMMARY ***
Total pot $0.10 | Rake $0 
Seat 1: SICKDUCK69 (button) folded before Flop (didn't bet)
Seat 3: Im Grinder (small blind) folded before Flop
Seat 4: bensari (big blind) collected ($0.10)



PokerStars Hand #222952317962:  Hold'em No Limit ($0.05/$0.10 USD) - 2021/01/23 7:39:44 ET
Table 'Capella II' 6-max Seat #3 is the button
Seat 1: SICKDUCK69 ($12.84 in chips) 
Seat 3: Im Grinder ($10.19 in chips) 
Seat 4: bensari ($11.12 in chips) 
Seat 5: bang4buck111 ($10 in chips) 
bensari: posts small blind $0.05
bang4buck111: posts big blind $0.10
densamara_63: sits out 
*** HOLE CARDS ***
SICKDUCK69: folds 
Im Grinder: folds 
bensari: folds 
Uncalled bet ($0.05) returned to bang4buck111
bang4buck111 collected $0.10 from pot
bang4buck111: doesn't show hand 
*** SUMMARY ***
Total pot $0.10 | Rake $0 
Seat 1: SICKDUCK69 folded before Flop (didn't bet)
Seat 3: Im Grinder (button) folded before Flop (didn't bet)
Seat 4: bensari (small blind) folded before Flop
Seat 5: bang4buck111 (big blind) collected ($0.10)



PokerStars Hand #222952320298:  Hold'em No Limit ($0.05/$0.10 USD) - 2021/01/23 7:39:50 ET
Table 'Capella II' 6-max Seat #4 is the button
Seat 1: SICKDUCK69 ($12.84 in chips) 
Seat 3: Im Grinder ($10.19 in chips) 
Seat 4: bensari ($11.07 in chips) 
Seat 5: bang4buck111 ($10.05 in chips) 
Seat 6: densamara_63 ($10 in chips) 
bang4buck111: posts small blind $0.05
densamara_63: posts big blind $0.10
*** HOLE CARDS ***
SICKDUCK69: raises $0.15 to $0.25
Im Grinder: folds 
bensari: folds 
bang4buck111: folds 
densamara_63: folds 
Uncalled bet ($0.15) returned to SICKDUCK69
SICKDUCK69 collected $0.25 from pot
*** SUMMARY ***
Total pot $0.25 | Rake $0 
Seat 1: SICKDUCK69 collected ($0.25)
Seat 3: Im Grinder folded before Flop (didn't bet)
Seat 4: bensari (button) folded before Flop (didn't bet)
Seat 5: bang4buck111 (small blind) folded before Flop
Seat 6: densamara_63 (big blind) folded before Flop



PokerStars Hand #222952326144:  Hold'em No Limit ($0.05/$0.10 USD) - 2021/01/23 7:40:06 ET
Table 'Capella II' 6-max Seat #5 is the button
Seat 1: SICKDUCK69 ($12.99 in chips) 
Seat 3: Im Grinder ($10.19 in chips) 
Seat 4: bensari ($11.07 in chips) 
Seat 5: bang4buck111 ($10 in chips) 
Seat 6: densamara_63 ($10 in chips) 
densamara_63: posts small blind $0.05
SICKDUCK69: posts big blind $0.10
*** HOLE CARDS ***
Rahaautomaat joins the table at seat #2 
Im Grinder: folds 
bensari: folds 
bang4buck111: raises $0.15 to $0.25
densamara_63: folds 
SICKDUCK69: folds 
Uncalled bet ($0.15) returned to bang4buck111
bang4buck111 collected $0.25 from pot
bang4buck111: doesn't show hand 
*** SUMMARY ***
Total pot $0.25 | Rake $0 
Seat 1: SICKDUCK69 (big blind) folded before Flop
Seat 3: Im Grinder folded before Flop (didn't bet)
Seat 4: bensari folded before Flop (didn't bet)
Seat 5: bang4buck111 (button) collected ($0.25)
Seat 6: densamara_63 (small blind) folded before Flop



PokerStars Hand #222952330114:  Hold'em No Limit ($0.05/$0.10 USD) - 2021/01/23 7:40:16 ET
Table 'Capella II' 6-max Seat #6 is the button
Seat 1: SICKDUCK69 ($12.89 in chips) 
Seat 2: Rahaautomaat ($10 in chips) 
Seat 3: Im Grinder ($10.19 in chips) 
Seat 4: bensari ($11.07 in chips) 
Seat 5: bang4buck111 ($10.15 in chips) 
Seat 6: densamara_63 ($10 in chips) 
SICKDUCK69: posts small blind $0.05
Rahaautomaat: posts big blind $0.10
*** HOLE CARDS ***
Im Grinder: raises $0.20 to $0.30
bensari: calls $0.30
bang4buck111: folds 
densamara_63: calls $0.30
SICKDUCK69: folds 
Rahaautomaat: folds 
*** FLOP *** [8c 9h 5d]
Im Grinder: checks 
bensari: bets $0.60
densamara_63: folds 
Im Grinder: folds 
Uncalled bet ($0.60) returned to bensari
bensari collected $1 from pot
bensari: doesn't show hand 
*** SUMMARY ***
Total pot $1.05 | Rake $0.05 
Board [8c 9h 5d]
Seat 1: SICKDUCK69 (small blind) folded before Flop
Seat 2: Rahaautomaat (big blind) folded before Flop
Seat 3: Im Grinder folded on the Flop
Seat 4: bensari collected ($1)
Seat 5: bang4buck111 folded before Flop (didn't bet)
Seat 6: densamara_63 (button) folded on the Flop



PokerStars Hand #222952342064:  Hold'em No Limit ($0.05/$0.10 USD) - 2021/01/23 7:40:48 ET
Table 'Capella II' 6-max Seat #1 is the button
Seat 1: SICKDUCK69 ($12.84 in chips) 
Seat 2: Rahaautomaat ($9.90 in chips) 
Seat 3: Im Grinder ($10 in chips) 
Seat 4: bensari ($11.77 in chips) 
Seat 5: bang4buck111 ($10.15 in chips) 
Seat 6: densamara_63 ($10 in chips) 
Rahaautomaat: posts small blind $0.05
Im Grinder: posts big blind $0.10
*** HOLE CARDS ***
bensari: calls $0.10
bang4buck111: folds 
densamara_63: raises $0.30 to $0.40
SICKDUCK69: folds 
Rahaautomaat: folds 
Im Grinder: folds 
bensari: calls $0.30
*** FLOP *** [7s 2c 9s]
bensari: bets $0.60
densamara_63: calls $0.60
*** TURN *** [7s 2c 9s] [Ac]
bensari: bets $1.40
densamara_63: calls $1.40
*** RIVER *** [7s 2c 9s Ac] [9d]
bensari: bets $9.37 and is all-in
densamara_63: folds 
Uncalled bet ($9.37) returned to bensari
bensari collected $4.73 from pot
bensari: doesn't show hand 
*** SUMMARY ***
Total pot $4.95 | Rake $0.22 
Board [7s 2c 9s Ac 9d]
Seat 1: SICKDUCK69 (button) folded before Flop (didn't bet)
Seat 2: Rahaautomaat (small blind) folded before Flop
Seat 3: Im Grinder (big blind) folded before Flop
Seat 4: bensari collected ($4.73)
Seat 5: bang4buck111 folded before Flop (didn't bet)
Seat 6: densamara_63 folded on the River



PokerStars Hand #222952357153:  Hold'em No Limit ($0.05/$0.10 USD) - 2021/01/23 7:41:28 ET
Table 'Capella II' 6-max Seat #2 is the button
Seat 1: SICKDUCK69 ($12.84 in chips) 
Seat 2: Rahaautomaat ($9.85 in chips) 
Seat 3: Im Grinder ($10 in chips) 
Seat 4: bensari ($14.10 in chips) 
Seat 5: bang4buck111 ($10.15 in chips) 
Seat 6: densamara_63 ($10 in chips) 
Im Grinder: posts small blind $0.05
bensari: posts big blind $0.10
*** HOLE CARDS ***
bang4buck111: raises $0.20 to $0.30
densamara_63: folds 
SICKDUCK69: folds 
Rahaautomaat: folds 
Im Grinder: folds 
bensari: folds 
Uncalled bet ($0.20) returned to bang4buck111
bang4buck111 collected $0.25 from pot
bang4buck111: doesn't show hand 
*** SUMMARY ***
Total pot $0.25 | Rake $0 
Seat 1: SICKDUCK69 folded before Flop (didn't bet)
Seat 2: Rahaautomaat (button) folded before Flop (didn't bet)
Seat 3: Im Grinder (small blind) folded before Flop
Seat 4: bensari (big blind) folded before Flop
Seat 5: bang4buck111 collected ($0.25)
Seat 6: densamara_63 folded before Flop (didn't bet)



PokerStars Hand #222952364517:  Hold'em No Limit ($0.05/$0.10 USD) - 2021/01/23 7:41:47 ET
Table 'Capella II' 6-max Seat #3 is the button
Seat 1: SICKDUCK69 ($12.84 in chips) 
Seat 2: Rahaautomaat ($9.85 in chips) 
Seat 3: Im Grinder ($10 in chips) 
Seat 4: bensari ($14 in chips) 
Seat 5: bang4buck111 ($10.30 in chips) 
Seat 6: densamara_63 ($10 in chips) 
bensari: posts small blind $0.05
bang4buck111: posts big blind $0.10
*** HOLE CARDS ***
densamara_63: folds 
SICKDUCK69: folds 
Rahaautomaat: raises $0.20 to $0.30
Im Grinder: raises $0.90 to $1.20
bensari: folds 
bang4buck111: folds 
Rahaautomaat: folds 
Uncalled bet ($0.90) returned to Im Grinder
Im Grinder collected $0.75 from pot
Im Grinder: doesn't show hand 
*** SUMMARY ***
Total pot $0.75 | Rake $0 
Seat 1: SICKDUCK69 folded before Flop (didn't bet)
Seat 2: Rahaautomaat folded before Flop
Seat 3: Im Grinder (button) collected ($0.75)
Seat 4: bensari (small blind) folded before Flop
Seat 5: bang4buck111 (big blind) folded before Flop
Seat 6: densamara_63 folded before Flop (didn't bet)



PokerStars Hand #222952378183:  Hold'em No Limit ($0.05/$0.10 USD) - 2021/01/23 7:42:23 ET
Table 'Capella II' 6-max Seat #4 is the button
Seat 1: SICKDUCK69 ($12.84 in chips) 
Seat 2: Rahaautomaat ($9.55 in chips) 
Seat 3: Im Grinder ($10.45 in chips) 
Seat 4: bensari ($13.95 in chips) 
Seat 5: bang4buck111 ($10.20 in chips) 
Seat 6: densamara_63 ($10 in chips) 
bang4buck111: posts small blind $0.05
densamara_63: posts big blind $0.10
*** HOLE CARDS ***
SICKDUCK69: folds 
Rahaautomaat: raises $0.20 to $0.30
Im Grinder: folds 
bensari: folds 
bang4buck111: folds 
densamara_63: calls $0.20
*** FLOP *** [2h 8d Qd]
densamara_63: checks 
Rahaautomaat: checks 
*** TURN *** [2h 8d Qd] [Ks]
densamara_63: checks 
Rahaautomaat: checks 
*** RIVER *** [2h 8d Qd Ks] [7d]
densamara_63: bets $1.50
Rahaautomaat: folds 
Uncalled bet ($1.50) returned to densamara_63
densamara_63 collected $0.62 from pot
*** SUMMARY ***
Total pot $0.65 | Rake $0.03 
Board [2h 8d Qd Ks 7d]
Seat 1: SICKDUCK69 folded before Flop (didn't bet)
Seat 2: Rahaautomaat folded on the River
Seat 3: Im Grinder folded before Flop (didn't bet)
Seat 4: bensari (button) folded before Flop (didn't bet)
Seat 5: bang4buck111 (small blind) folded before Flop
Seat 6: densamara_63 (big blind) collected ($0.62)



PokerStars Hand #222953440902:  Hold'em No Limit ($0.05/$0.10 USD) - 2021/01/23 8:27:06 ET
Table 'Capella II' 6-max Seat #2 is the button
Seat 1: SICKDUCK69 ($8.94 in chips) 
Seat 2: rotundul ($26.91 in chips) 
Seat 3: Im Grinder ($13.43 in chips) 
Seat 4: ChoasCarlos ($1.41 in chips) 
Seat 5: GoodmanAR ($10.12 in chips) 
Seat 6: densamara_63 ($13.54 in chips) 
Im Grinder: posts small blind $0.05
ChoasCarlos: posts big blind $0.10
*** HOLE CARDS ***
GoodmanAR: folds 
densamara_63: raises $0.20 to $0.30
SICKDUCK69: calls $0.30
rotundul: folds 
Im Grinder: folds 
ChoasCarlos: raises $1.11 to $1.41 and is all-in
densamara_63: folds 
SICKDUCK69: calls $1.11
*** FLOP *** [Ah Js 7h]
*** TURN *** [Ah Js 7h] [Qs]
*** RIVER *** [Ah Js 7h Qs] [9d]
*** SHOW DOWN ***
ChoasCarlos: shows [Td Ts] (a pair of Tens)
SICKDUCK69: shows [Jd As] (two pair, Aces and Jacks)
SICKDUCK69 collected $3.03 from pot
*** SUMMARY ***
Total pot $3.17 | Rake $0.14 
Board [Ah Js 7h Qs 9d]
Seat 1: SICKDUCK69 showed [Jd As] and won ($3.03) with two pair, Aces and Jacks
Seat 2: rotundul (button) folded before Flop (didn't bet)
Seat 3: Im Grinder (small blind) folded before Flop
Seat 4: ChoasCarlos (big blind) showed [Td Ts] and lost with a pair of Tens
Seat 5: GoodmanAR folded before Flop (didn't bet)
Seat 6: densamara_63 folded before Flop



PokerStars Hand #222953453837:  Hold'em No Limit ($0.05/$0.10 USD) - 2021/01/23 8:27:36 ET
Table 'Capella II' 6-max Seat #3 is the button
Seat 1: SICKDUCK69 ($10.56 in chips) 
Seat 2: rotundul ($26.91 in chips) 
Seat 3: Im Grinder ($13.38 in chips) 
Seat 5: GoodmanAR ($10.12 in chips) 
Seat 6: densamara_63 ($13.24 in chips) 
GoodmanAR: posts small blind $0.05
densamara_63: posts big blind $0.10
*** HOLE CARDS ***
SICKDUCK69: folds 
rotundul: folds 
Im Grinder: raises $0.20 to $0.30
GoodmanAR: folds 
densamara_63: folds 
Uncalled bet ($0.20) returned to Im Grinder
Im Grinder collected $0.25 from pot
Im Grinder: doesn't show hand 
*** SUMMARY ***
Total pot $0.25 | Rake $0 
Seat 1: SICKDUCK69 folded before Flop (didn't bet)
Seat 2: rotundul folded before Flop (didn't bet)
Seat 3: Im Grinder (button) collected ($0.25)
Seat 5: GoodmanAR (small blind) folded before Flop
Seat 6: densamara_63 (big blind) folded before Flop



PokerStars Hand #222953458117:  Hold'em No Limit ($0.05/$0.10 USD) - 2021/01/23 8:27:46 ET
Table 'Capella II' 6-max Seat #5 is the button
Seat 1: SICKDUCK69 ($10.56 in chips) 
Seat 2: rotundul ($26.91 in chips) 
Seat 3: Im Grinder ($13.53 in chips) 
Seat 5: GoodmanAR ($10.07 in chips) 
Seat 6: densamara_63 ($13.14 in chips) 
densamara_63: posts small blind $0.05
SICKDUCK69: posts big blind $0.10
*** HOLE CARDS ***
rotundul: folds 
Im Grinder: folds 
GoodmanAR: raises $0.15 to $0.25
densamara_63: folds 
SICKDUCK69: calls $0.15
*** FLOP *** [7c As Kd]
SICKDUCK69: checks 
GoodmanAR: bets $0.17
SICKDUCK69: raises $0.30 to $0.47
GoodmanAR: folds 
Uncalled bet ($0.30) returned to SICKDUCK69
SICKDUCK69 collected $0.85 from pot
ChoasCarlos leaves the table
SICKDUCK69: doesn't show hand 
*** SUMMARY ***
Total pot $0.89 | Rake $0.04 
Board [7c As Kd]
Seat 1: SICKDUCK69 (big blind) collected ($0.85)
Seat 2: rotundul folded before Flop (didn't bet)
Seat 3: Im Grinder folded before Flop (didn't bet)
Seat 5: GoodmanAR (button) folded on the Flop
Seat 6: densamara_63 (small blind) folded before Flop



PokerStars Hand #222953474982:  Hold'em No Limit ($0.05/$0.10 USD) - 2021/01/23 8:28:24 ET
Table 'Capella II' 6-max Seat #6 is the button
Seat 1: SICKDUCK69 ($10.99 in chips) 
Seat 2: rotundul ($26.91 in chips) 
Seat 3: Im Grinder ($13.53 in chips) 
Seat 5: GoodmanAR ($10 in chips) 
Seat 6: densamara_63 ($13.09 in chips) 
SICKDUCK69: posts small blind $0.05
rotundul: posts big blind $0.10
*** HOLE CARDS ***
Im Grinder: folds 
GoodmanAR: folds 
densamara_63: folds 
SICKDUCK69: folds 
Uncalled bet ($0.05) returned to rotundul
rotundul collected $0.10 from pot
rotundul: doesn't show hand 
*** SUMMARY ***
Total pot $0.10 | Rake $0 
Seat 1: SICKDUCK69 (small blind) folded before Flop
Seat 2: rotundul (big blind) collected ($0.10)
Seat 3: Im Grinder folded before Flop (didn't bet)
Seat 5: GoodmanAR folded before Flop (didn't bet)
Seat 6: densamara_63 (button) folded before Flop (didn't bet)



PokerStars Hand #222953478249:  Hold'em No Limit ($0.05/$0.10 USD) - 2021/01/23 8:28:32 ET
Table 'Capella II' 6-max Seat #1 is the button
Seat 1: SICKDUCK69 ($10.94 in chips) 
Seat 2: rotundul ($26.96 in chips) 
Seat 3: Im Grinder ($13.53 in chips) 
Seat 5: GoodmanAR ($10 in chips) 
Seat 6: densamara_63 ($13.09 in chips) 
rotundul: posts small blind $0.05
Im Grinder: posts big blind $0.10
*** HOLE CARDS ***
GoodmanAR: raises $0.20 to $0.30
densamara_63: folds 
SICKDUCK69: calls $0.30
rotundul: folds 
Im Grinder: folds 
*** FLOP *** [Kh Ad 5s]
svenikkk joins the table at seat #4 
GoodmanAR: checks 
SICKDUCK69: bets $0.24
GoodmanAR: calls $0.24
*** TURN *** [Kh Ad 5s] [6d]
GoodmanAR: checks 
SICKDUCK69: checks 
*** RIVER *** [Kh Ad 5s 6d] [7c]
GoodmanAR: checks 
SICKDUCK69: checks 
*** SHOW DOWN ***
GoodmanAR: shows [Tc Td] (a pair of Tens)
SICKDUCK69: mucks hand 
GoodmanAR collected $1.17 from pot
*** SUMMARY ***
Total pot $1.23 | Rake $0.06 
Board [Kh Ad 5s 6d 7c]
Seat 1: SICKDUCK69 (button) mucked
Seat 2: rotundul (small blind) folded before Flop
Seat 3: Im Grinder (big blind) folded before Flop
Seat 5: GoodmanAR showed [Tc Td] and won ($1.17) with a pair of Tens
Seat 6: densamara_63 folded before Flop (didn't bet)



PokerStars Hand #222953504755:  Hold'em No Limit ($0.05/$0.10 USD) - 2021/01/23 8:29:32 ET
Table 'Capella II' 6-max Seat #2 is the button
Seat 1: SICKDUCK69 ($10.40 in chips) 
Seat 2: rotundul ($26.91 in chips) 
Seat 3: Im Grinder ($13.43 in chips) 
Seat 4: svenikkk ($10 in chips) 
Seat 5: GoodmanAR ($10.63 in chips) 
Seat 6: densamara_63 ($13.09 in chips) 
Im Grinder: posts small blind $0.05
svenikkk: posts big blind $0.10
*** HOLE CARDS ***
GoodmanAR: folds 
densamara_63: folds 
SICKDUCK69: folds 
rotundul: folds 
Im Grinder: raises $0.20 to $0.30
svenikkk: folds 
Uncalled bet ($0.20) returned to Im Grinder
Im Grinder collected $0.20 from pot
Im Grinder: doesn't show hand 
*** SUMMARY ***
Total pot $0.20 | Rake $0 
Seat 1: SICKDUCK69 folded before Flop (didn't bet)
Seat 2: rotundul (button) folded before Flop (didn't bet)
Seat 3: Im Grinder (small blind) collected ($0.20)
Seat 4: svenikkk (big blind) folded before Flop
Seat 5: GoodmanAR folded before Flop (didn't bet)
Seat 6: densamara_63 folded before Flop (didn't bet)



PokerStars Hand #222953512268:  Hold'em No Limit ($0.05/$0.10 USD) - 2021/01/23 8:29:49 ET
Table 'Capella II' 6-max Seat #3 is the button
Seat 1: SICKDUCK69 ($10.40 in chips) 
Seat 2: rotundul ($26.91 in chips) 
Seat 3: Im Grinder ($13.53 in chips) 
Seat 4: svenikkk ($10 in chips) 
Seat 5: GoodmanAR ($10.63 in chips) 
Seat 6: densamara_63 ($13.09 in chips) 
svenikkk: posts small blind $0.05
GoodmanAR: posts big blind $0.10
*** HOLE CARDS ***
densamara_63: folds 
SICKDUCK69: folds 
rotundul: folds 
Im Grinder: folds 
svenikkk: folds 
Uncalled bet ($0.05) returned to GoodmanAR
GoodmanAR collected $0.10 from pot
GoodmanAR: doesn't show hand 
*** SUMMARY ***
Total pot $0.10 | Rake $0 
Seat 1: SICKDUCK69 folded before Flop (didn't bet)
Seat 2: rotundul folded before Flop (didn't bet)
Seat 3: Im Grinder (button) folded before Flop (didn't bet)
Seat 4: svenikkk (small blind) folded before Flop
Seat 5: GoodmanAR (big blind) collected ($0.10)
Seat 6: densamara_63 folded before Flop (didn't bet)



PokerStars Hand #222953516744:  Hold'em No Limit ($0.05/$0.10 USD) - 2021/01/23 8:30:00 ET
Table 'Capella II' 6-max Seat #4 is the button
Seat 1: SICKDUCK69 ($10.40 in chips) 
Seat 2: rotundul ($26.91 in chips) 
Seat 3: Im Grinder ($13.53 in chips) 
Seat 4: svenikkk ($10 in chips) 
Seat 5: GoodmanAR ($10.68 in chips) 
Seat 6: densamara_63 ($13.09 in chips) 
GoodmanAR: posts small blind $0.05
densamara_63: posts big blind $0.10
*** HOLE CARDS ***
SICKDUCK69: folds 
rotundul: folds 
Im Grinder: folds 
svenikkk: folds 
GoodmanAR: raises $0.20 to $0.30
densamara_63: raises $0.60 to $0.90
GoodmanAR: folds 
Uncalled bet ($0.60) returned to densamara_63
densamara_63 collected $0.60 from pot
*** SUMMARY ***
Total pot $0.60 | Rake $0 
Seat 1: SICKDUCK69 folded before Flop (didn't bet)
Seat 2: rotundul folded before Flop (didn't bet)
Seat 3: Im Grinder folded before Flop (didn't bet)
Seat 4: svenikkk (button) folded before Flop (didn't bet)
Seat 5: GoodmanAR (small blind) folded before Flop
Seat 6: densamara_63 (big blind) collected ($0.60)



PokerStars Hand #222953527614:  Hold'em No Limit ($0.05/$0.10 USD) - 2021/01/23 8:30:24 ET
Table 'Capella II' 6-max Seat #5 is the button
Seat 1: SICKDUCK69 ($10.40 in chips) 
Seat 2: rotundul ($26.91 in chips) 
Seat 3: Im Grinder ($13.53 in chips) 
Seat 4: svenikkk ($10 in chips) 
Seat 5: GoodmanAR ($10.38 in chips) 
Seat 6: densamara_63 ($13.39 in chips) 
densamara_63: posts small blind $0.05
SICKDUCK69: posts big blind $0.10
*** HOLE CARDS ***
rotundul: folds 
Im Grinder: folds 
svenikkk: folds 
GoodmanAR: folds 
densamara_63: raises $0.17 to $0.27
SICKDUCK69: calls $0.17
*** FLOP *** [Ks Kd Qd]
densamara_63: checks 
SICKDUCK69: checks 
*** TURN *** [Ks Kd Qd] [Qc]
densamara_63: bets $0.43
SICKDUCK69: folds 
Uncalled bet ($0.43) returned to densamara_63
densamara_63 collected $0.52 from pot
*** SUMMARY ***
Total pot $0.54 | Rake $0.02 
Board [Ks Kd Qd Qc]
Seat 1: SICKDUCK69 (big blind) folded on the Turn
Seat 2: rotundul folded before Flop (didn't bet)
Seat 3: Im Grinder folded before Flop (didn't bet)
Seat 4: svenikkk folded before Flop (didn't bet)
Seat 5: GoodmanAR (button) folded before Flop (didn't bet)
Seat 6: densamara_63 (small blind) collected ($0.52)



PokerStars Hand #222953537515:  Hold'em No Limit ($0.05/$0.10 USD) - 2021/01/23 8:30:46 ET
Table 'Capella II' 6-max Seat #6 is the button
Seat 1: SICKDUCK69 ($10.13 in chips) 
Seat 3: Im Grinder ($13.53 in chips) 
Seat 4: svenikkk ($10 in chips) 
Seat 5: GoodmanAR ($10.38 in chips) 
Seat 6: densamara_63 ($13.64 in chips) 
SICKDUCK69: posts small blind $0.05
rotundul: is sitting out 
Im Grinder: posts big blind $0.10
*** HOLE CARDS ***
svenikkk: raises $0.30 to $0.40
rotundul leaves the table
GoodmanAR: folds 
densamara_63: folds 
SICKDUCK69: calls $0.35
Im Grinder: folds 
*** FLOP *** [Kd 6c 6s]
SICKDUCK69: checks 
neurophunker joins the table at seat #2 
svenikkk: bets $0.50
SICKDUCK69: folds 
Uncalled bet ($0.50) returned to svenikkk
svenikkk collected $0.86 from pot
*** SUMMARY ***
Total pot $0.90 | Rake $0.04 
Board [Kd 6c 6s]
Seat 1: SICKDUCK69 (small blind) folded on the Flop
Seat 3: Im Grinder (big blind) folded before Flop
Seat 4: svenikkk collected ($0.86)
Seat 5: GoodmanAR folded before Flop (didn't bet)
Seat 6: densamara_63 (button) folded before Flop (didn't bet)



PokerStars Hand #222953555705:  Hold'em No Limit ($0.05/$0.10 USD) - 2021/01/23 8:31:27 ET
Table 'Capella II' 6-max Seat #1 is the button
Seat 1: SICKDUCK69 ($9.73 in chips) 
Seat 3: Im Grinder ($13.43 in chips) 
Seat 4: svenikkk ($10.46 in chips) 
Seat 5: GoodmanAR ($10.38 in chips) 
Seat 6: densamara_63 ($13.64 in chips) 
Im Grinder: posts small blind $0.05
svenikkk: posts big blind $0.10
*** HOLE CARDS ***
GoodmanAR: folds 
densamara_63: folds 
SICKDUCK69: raises $0.15 to $0.25
Im Grinder: folds 
svenikkk: folds 
Uncalled bet ($0.15) returned to SICKDUCK69
SICKDUCK69 collected $0.25 from pot
SICKDUCK69: doesn't show hand 
*** SUMMARY ***
Total pot $0.25 | Rake $0 
Seat 1: SICKDUCK69 (button) collected ($0.25)
Seat 3: Im Grinder (small blind) folded before Flop
Seat 4: svenikkk (big blind) folded before Flop
Seat 5: GoodmanAR folded before Flop (didn't bet)
Seat 6: densamara_63 folded before Flop (didn't bet)



PokerStars Hand #222953562905:  Hold'em No Limit ($0.05/$0.10 USD) - 2021/01/23 8:31:44 ET
Table 'Capella II' 6-max Seat #3 is the button
Seat 1: SICKDUCK69 ($9.88 in chips) 
Seat 3: Im Grinder ($13.38 in chips) 
Seat 4: svenikkk ($10.36 in chips) 
Seat 5: GoodmanAR ($10.38 in chips) 
Seat 6: densamara_63 ($13.64 in chips) 
svenikkk: posts small blind $0.05
GoodmanAR: posts big blind $0.10
neurophunker: sits out 
*** HOLE CARDS ***
densamara_63: folds 
SICKDUCK69: calls $0.10
Im Grinder: folds 
svenikkk: calls $0.05
GoodmanAR: checks 
*** FLOP *** [As 7c 7d]
svenikkk: checks 
GoodmanAR: checks 
SICKDUCK69: checks 
*** TURN *** [As 7c 7d] [Ks]
svenikkk: checks 
GoodmanAR: checks 
SICKDUCK69: checks 
*** RIVER *** [As 7c 7d Ks] [6s]
svenikkk: checks 
GoodmanAR: checks 
SICKDUCK69: checks 
*** SHOW DOWN ***
svenikkk: shows [4h 6h] (two pair, Sevens and Sixes)
GoodmanAR: mucks hand 
SICKDUCK69: mucks hand 
svenikkk collected $0.29 from pot
*** SUMMARY ***
Total pot $0.30 | Rake $0.01 
Board [As 7c 7d Ks 6s]
Seat 1: SICKDUCK69 mucked
Seat 3: Im Grinder (button) folded before Flop (didn't bet)
Seat 4: svenikkk (small blind) showed [4h 6h] and won ($0.29) with two pair, Sevens and Sixes
Seat 5: GoodmanAR (big blind) mucked
Seat 6: densamara_63 folded before Flop (didn't bet)



PokerStars Hand #222953585683:  Hold'em No Limit ($0.05/$0.10 USD) - 2021/01/23 8:32:35 ET
Table 'Capella II' 6-max Seat #4 is the button
Seat 1: SICKDUCK69 ($9.78 in chips) 
Seat 3: Im Grinder ($13.38 in chips) 
Seat 4: svenikkk ($10.55 in chips) 
Seat 5: GoodmanAR ($10.28 in chips) 
GoodmanAR: posts small blind $0.05
densamara_63: is sitting out 
SICKDUCK69: posts big blind $0.10
neurophunker: sits out 
*** HOLE CARDS ***
Im Grinder: folds 
densamara_63 leaves the table
svenikkk: raises $0.20 to $0.30
GoodmanAR: folds 
SICKDUCK69: calls $0.20
*** FLOP *** [Ts 4h 7d]
SICKDUCK69: checks 
svenikkk: bets $0.47
SICKDUCK69: folds 
Uncalled bet ($0.47) returned to svenikkk
svenikkk collected $0.62 from pot
*** SUMMARY ***
Total pot $0.65 | Rake $0.03 
Board [Ts 4h 7d]
Seat 1: SICKDUCK69 (big blind) folded on the Flop
Seat 3: Im Grinder folded before Flop (didn't bet)
Seat 4: svenikkk (button) collected ($0.62)
Seat 5: GoodmanAR (small blind) folded before Flop



PokerStars Hand #222953596100:  Hold'em No Limit ($0.05/$0.10 USD) - 2021/01/23 8:32:58 ET
Table 'Capella II' 6-max Seat #5 is the button
Seat 1: SICKDUCK69 ($9.48 in chips) 
Seat 2: neurophunker ($10 in chips) 
Seat 3: Im Grinder ($13.38 in chips) 
Seat 4: svenikkk ($10.87 in chips) 
Seat 5: GoodmanAR ($10.23 in chips) 
SICKDUCK69: posts small blind $0.05
neurophunker: posts big blind $0.10
*** HOLE CARDS ***
Im Grinder: folds 
svenikkk: folds 
Im Grinder leaves the table
GoodmanAR: raises $0.15 to $0.25
SICKDUCK69: folds 
neurophunker: folds 
Uncalled bet ($0.15) returned to GoodmanAR
SERG244 joins the table at seat #3 
GoodmanAR collected $0.25 from pot
GoodmanAR: doesn't show hand 
*** SUMMARY ***
Total pot $0.25 | Rake $0 
Seat 1: SICKDUCK69 (small blind) folded before Flop
Seat 2: neurophunker (big blind) folded before Flop
Seat 3: Im Grinder folded before Flop (didn't bet)
Seat 4: svenikkk folded before Flop (didn't bet)
Seat 5: GoodmanAR (button) collected ($0.25)



PokerStars Hand #222953603352:  Hold'em No Limit ($0.05/$0.10 USD) - 2021/01/23 8:33:15 ET
Table 'Capella II' 6-max Seat #1 is the button
Seat 1: SICKDUCK69 ($9.43 in chips) 
Seat 2: neurophunker ($9.90 in chips) 
Seat 3: SERG244 ($10 in chips) 
Seat 4: svenikkk ($10.87 in chips) 
Seat 5: GoodmanAR ($10.38 in chips) 
neurophunker: posts small blind $0.05
SERG244: posts big blind $0.10
*** HOLE CARDS ***
svenikkk: folds 
GoodmanAR: folds 
SICKDUCK69: folds 
neurophunker: raises $0.20 to $0.30
SERG244: folds 
Uncalled bet ($0.20) returned to neurophunker
neurophunker collected $0.20 from pot
neurophunker: doesn't show hand 
*** SUMMARY ***
Total pot $0.20 | Rake $0 
Seat 1: SICKDUCK69 (button) folded before Flop (didn't bet)
Seat 2: neurophunker (small blind) collected ($0.20)
Seat 3: SERG244 (big blind) folded before Flop
Seat 4: svenikkk folded before Flop (didn't bet)
Seat 5: GoodmanAR folded before Flop (didn't bet)



PokerStars Hand #222953607653:  Hold'em No Limit ($0.05/$0.10 USD) - 2021/01/23 8:33:24 ET
Table 'Capella II' 6-max Seat #2 is the button
Seat 1: SICKDUCK69 ($9.43 in chips) 
Seat 2: neurophunker ($10 in chips) 
Seat 3: SERG244 ($10 in chips) 
Seat 4: svenikkk ($10.87 in chips) 
Seat 5: GoodmanAR ($10.38 in chips) 
SERG244: posts small blind $0.05
svenikkk: posts big blind $0.10
*** HOLE CARDS ***
GoodmanAR: raises $0.20 to $0.30
SICKDUCK69: folds 
neurophunker: calls $0.30
SERG244: folds 
svenikkk: folds 
*** FLOP *** [5c 9s 2d]
GoodmanAR: checks 
neurophunker: bets $0.30
GoodmanAR: folds 
Uncalled bet ($0.30) returned to neurophunker
neurophunker collected $0.72 from pot
neurophunker: doesn't show hand 
*** SUMMARY ***
Total pot $0.75 | Rake $0.03 
Board [5c 9s 2d]
Seat 1: SICKDUCK69 folded before Flop (didn't bet)
Seat 2: neurophunker (button) collected ($0.72)
Seat 3: SERG244 (small blind) folded before Flop
Seat 4: svenikkk (big blind) folded before Flop
Seat 5: GoodmanAR folded on the Flop



PokerStars Hand #222953618908:  Hold'em No Limit ($0.05/$0.10 USD) - 2021/01/23 8:33:49 ET
Table 'Capella II' 6-max Seat #3 is the button
Seat 1: SICKDUCK69 ($9.43 in chips) 
Seat 2: neurophunker ($10.42 in chips) 
Seat 3: SERG244 ($10 in chips) 
Seat 4: svenikkk ($10.77 in chips) 
Seat 5: GoodmanAR ($10.08 in chips) 
svenikkk: posts small blind $0.05
GoodmanAR: posts big blind $0.10
*** HOLE CARDS ***
SICKDUCK69: raises $0.15 to $0.25
neurophunker: calls $0.25
SERG244: folds 
svenikkk: folds 
GoodmanAR: folds 
*** FLOP *** [8s 7s 5h]
SICKDUCK69: checks 
habakukk11 joins the table at seat #6 
neurophunker: checks 
*** TURN *** [8s 7s 5h] [2h]
SICKDUCK69: checks 
neurophunker: checks 
*** RIVER *** [8s 7s 5h 2h] [Ad]
SICKDUCK69: bets $0.85
neurophunker: folds 
Uncalled bet ($0.85) returned to SICKDUCK69
SICKDUCK69 collected $0.62 from pot
*** SUMMARY ***
Total pot $0.65 | Rake $0.03 
Board [8s 7s 5h 2h Ad]
Seat 1: SICKDUCK69 collected ($0.62)
Seat 2: neurophunker folded on the River
Seat 3: SERG244 (button) folded before Flop (didn't bet)
Seat 4: svenikkk (small blind) folded before Flop
Seat 5: GoodmanAR (big blind) folded before Flop



PokerStars Hand #222953637549:  Hold'em No Limit ($0.05/$0.10 USD) - 2021/01/23 8:34:31 ET
Table 'Capella II' 6-max Seat #4 is the button
Seat 1: SICKDUCK69 ($9.80 in chips) 
Seat 2: neurophunker ($10.17 in chips) 
Seat 3: SERG244 ($10 in chips) 
Seat 4: svenikkk ($10.72 in chips) 
Seat 5: GoodmanAR ($10 in chips) 
Seat 6: habakukk11 ($10 in chips) 
GoodmanAR: posts small blind $0.05
habakukk11: posts big blind $0.10
*** HOLE CARDS ***
SICKDUCK69: raises $0.15 to $0.25
neurophunker: folds 
SERG244: folds 
svenikkk: raises $0.75 to $1
GoodmanAR: folds 
habakukk11: folds 
SICKDUCK69: calls $0.75
*** FLOP *** [6h 7h Kd]
SICKDUCK69: checks 
svenikkk: bets $1.50
SICKDUCK69: raises $7.30 to $8.80 and is all-in
svenikkk: calls $7.30
*** TURN *** [6h 7h Kd] [4s]
*** RIVER *** [6h 7h Kd 4s] [Tc]
*** SHOW DOWN ***
SICKDUCK69: shows [8s 8c] (a pair of Eights)
svenikkk: shows [As Ah] (a pair of Aces)
svenikkk collected $18.86 from pot
*** SUMMARY ***
Total pot $19.75 | Rake $0.89 
Board [6h 7h Kd 4s Tc]
Seat 1: SICKDUCK69 showed [8s 8c] and lost with a pair of Eights
Seat 2: neurophunker folded before Flop (didn't bet)
Seat 3: SERG244 folded before Flop (didn't bet)
Seat 4: svenikkk (button) showed [As Ah] and won ($18.86) with a pair of Aces
Seat 5: GoodmanAR (small blind) folded before Flop
Seat 6: habakukk11 (big blind) folded before Flop



PokerStars Hand #222953659387:  Hold'em No Limit ($0.05/$0.10 USD) - 2021/01/23 8:35:20 ET
Table 'Capella II' 6-max Seat #5 is the button
Seat 2: neurophunker ($10.17 in chips) 
Seat 3: SERG244 ($10 in chips) 
Seat 4: svenikkk ($19.78 in chips) 
Seat 5: GoodmanAR ($10 in chips) 
Seat 6: habakukk11 ($10 in chips) 
habakukk11: posts small blind $0.05
neurophunker: posts big blind $0.10
*** HOLE CARDS ***
SICKDUCK69 leaves the table
SERG244: folds 
svenikkk: raises $0.20 to $0.30
GoodmanAR: folds 
habakukk11: folds 
neurophunker: calls $0.20
*** FLOP *** [Td 5c Th]
10040316 joins the table at seat #1 
neurophunker: checks 
svenikkk: checks 
*** TURN *** [Td 5c Th] [Jh]
10040316 leaves the table
neurophunker: checks 
svenikkk: checks 
*** RIVER *** [Td 5c Th Jh] [As]
neurophunker: checks 
svenikkk: bets $0.47
neurophunker: folds 
Uncalled bet ($0.47) returned to svenikkk
svenikkk collected $0.62 from pot
*** SUMMARY ***
Total pot $0.65 | Rake $0.03 
Board [Td 5c Th Jh As]
Seat 2: neurophunker (big blind) folded on the River
Seat 3: SERG244 folded before Flop (didn't bet)
Seat 4: svenikkk collected ($0.62)
Seat 5: GoodmanAR (button) folded before Flop (didn't bet)
Seat 6: habakukk11 (small blind) folded before Flop



PokerStars Hand #222953677889:  Hold'em No Limit ($0.05/$0.10 USD) - 2021/01/23 8:36:02 ET
Table 'Capella II' 6-max Seat #6 is the button
Seat 2: neurophunker ($9.87 in chips) 
Seat 4: svenikkk ($20.10 in chips) 
Seat 5: GoodmanAR ($10 in chips) 
Seat 6: habakukk11 ($10 in chips) 
neurophunker: posts small blind $0.05
SERG244: is sitting out 
svenikkk: posts big blind $0.10
*** HOLE CARDS ***
SERG244 leaves the table
GoodmanAR: raises $0.20 to $0.30
habakukk11: folds 
neurophunker: folds 
svenikkk: folds 
Uncalled bet ($0.20) returned to GoodmanAR
GoodmanAR collected $0.25 from pot
GoodmanAR: doesn't show hand 
*** SUMMARY ***
Total pot $0.25 | Rake $0 
Seat 2: neurophunker (small blind) folded before Flop
Seat 4: svenikkk (big blind) folded before Flop
Seat 5: GoodmanAR collected ($0.25)
Seat 6: habakukk11 (button) folded before Flop (didn't bet)



PokerStars Hand #222953684190:  Hold'em No Limit ($0.05/$0.10 USD) - 2021/01/23 8:36:16 ET
Table 'Capella II' 6-max Seat #2 is the button
Seat 2: neurophunker ($9.82 in chips) 
Seat 4: svenikkk ($20 in chips) 
Seat 6: habakukk11 ($10 in chips) 
svenikkk: posts small blind $0.05
GoodmanAR: is sitting out 
habakukk11: posts big blind $0.10
*** HOLE CARDS ***
GoodmanAR leaves the table
neurophunker: folds 
svenikkk: folds 
Uncalled bet ($0.05) returned to habakukk11
habakukk11 collected $0.10 from pot
habakukk11: doesn't show hand 
*** SUMMARY ***
Total pot $0.10 | Rake $0 
Seat 2: neurophunker (button) folded before Flop (didn't bet)
Seat 4: svenikkk (small blind) folded before Flop
Seat 6: habakukk11 (big blind) collected ($0.10)



PokerStars Hand #222953689636:  Hold'em No Limit ($0.05/$0.10 USD) - 2021/01/23 8:36:28 ET
Table 'Capella II' 6-max Seat #4 is the button
Seat 2: neurophunker ($9.82 in chips) 
Seat 4: svenikkk ($19.95 in chips) 
Seat 6: habakukk11 ($10.05 in chips) 
habakukk11: posts small blind $0.05
neurophunker: posts big blind $0.10
*** HOLE CARDS ***
svenikkk: folds 
habakukk11: folds 
Uncalled bet ($0.05) returned to neurophunker
neurophunker collected $0.10 from pot
neurophunker: doesn't show hand 
*** SUMMARY ***
Total pot $0.10 | Rake $0 
Seat 2: neurophunker (big blind) collected ($0.10)
Seat 4: svenikkk (button) folded before Flop (didn't bet)
Seat 6: habakukk11 (small blind) folded before Flop



PokerStars Hand #222953692933:  Hold'em No Limit ($0.05/$0.10 USD) - 2021/01/23 8:36:36 ET
Table 'Capella II' 6-max Seat #6 is the button
Seat 2: neurophunker ($9.87 in chips) 
Seat 4: svenikkk ($19.95 in chips) 
Seat 6: habakukk11 ($10 in chips) 
neurophunker: posts small blind $0.05
svenikkk: posts big blind $0.10
*** HOLE CARDS ***
habakukk11: raises $0.20 to $0.30
neurophunker: folds 
svenikkk: folds 
Uncalled bet ($0.20) returned to habakukk11
habakukk11 collected $0.25 from pot
habakukk11: doesn't show hand 
*** SUMMARY ***
Total pot $0.25 | Rake $0 
Seat 2: neurophunker (small blind) folded before Flop
Seat 4: svenikkk (big blind) folded before Flop
Seat 6: habakukk11 (button) collected ($0.25)



PokerStars Hand #222953699714:  Hold'em No Limit ($0.05/$0.10 USD) - 2021/01/23 8:36:51 ET
Table 'Capella II' 6-max Seat #2 is the button
Seat 2: neurophunker ($9.82 in chips) 
Seat 4: svenikkk ($19.85 in chips) 
Seat 6: habakukk11 ($10.15 in chips) 
svenikkk: posts small blind $0.05
habakukk11: posts big blind $0.10
*** HOLE CARDS ***
neurophunker: raises $0.20 to $0.30
svenikkk: folds 
habakukk11: folds 
Uncalled bet ($0.20) returned to neurophunker
neurophunker collected $0.25 from pot
neurophunker: doesn't show hand 
*** SUMMARY ***
Total pot $0.25 | Rake $0 
Seat 2: neurophunker (button) collected ($0.25)
Seat 4: svenikkk (small blind) folded before Flop
Seat 6: habakukk11 (big blind) folded before Flop



PokerStars Hand #222953704761:  Hold'em No Limit ($0.05/$0.10 USD) - 2021/01/23 8:37:02 ET
Table 'Capella II' 6-max Seat #4 is the button
Seat 2: neurophunker ($9.97 in chips) 
Seat 4: svenikkk ($19.80 in chips) 
Seat 6: habakukk11 ($10.05 in chips) 
habakukk11: posts small blind $0.05
neurophunker: posts big blind $0.10
*** HOLE CARDS ***
svenikkk: folds 
habakukk11: folds 
Uncalled bet ($0.05) returned to neurophunker
neurophunker collected $0.10 from pot
neurophunker: doesn't show hand 
*** SUMMARY ***
Total pot $0.10 | Rake $0 
Seat 2: neurophunker (big blind) collected ($0.10)
Seat 4: svenikkk (button) folded before Flop (didn't bet)
Seat 6: habakukk11 (small blind) folded before Flop



PokerStars Hand #222953707136:  Hold'em No Limit ($0.05/$0.10 USD) - 2021/01/23 8:37:08 ET
Table 'Capella II' 6-max Seat #6 is the button
Seat 2: neurophunker ($10.02 in chips) 
Seat 4: svenikkk ($19.80 in chips) 
Seat 6: habakukk11 ($10 in chips) 
neurophunker: posts small blind $0.05
svenikkk: posts big blind $0.10
*** HOLE CARDS ***
habakukk11: folds 
neurophunker: raises $4.90 to $5
habakukk11 leaves the table
svenikkk: folds 
Uncalled bet ($4.90) returned to neurophunker
neurophunker collected $0.20 from pot
neurophunker: doesn't show hand 
*** SUMMARY ***
Total pot $0.20 | Rake $0 
Seat 2: neurophunker (small blind) collected ($0.20)
Seat 4: svenikkk (big blind) folded before Flop
Seat 6: habakukk11 (button) folded before Flop (didn't bet)



PokerStars Hand #222953714559:  Hold'em No Limit ($0.05/$0.10 USD) - 2021/01/23 8:37:24 ET
Table 'Capella II' 6-max Seat #4 is the button
Seat 2: neurophunker ($10.12 in chips) 
Seat 4: svenikkk ($19.70 in chips) 
svenikkk: posts small blind $0.05
neurophunker: posts big blind $0.10
*** HOLE CARDS ***
svenikkk: folds 
Uncalled bet ($0.05) returned to neurophunker
neurophunker collected $0.10 from pot
neurophunker: doesn't show hand 
*** SUMMARY ***
Total pot $0.10 | Rake $0 
Seat 2: neurophunker (big blind) collected ($0.10)
Seat 4: svenikkk (button) (small blind) folded before Flop



PokerStars Hand #222953716294:  Hold'em No Limit ($0.05/$0.10 USD) - 2021/01/23 8:37:28 ET
Table 'Capella II' 6-max Seat #2 is the button
Seat 2: neurophunker ($10.17 in chips) 
Seat 4: svenikkk ($19.65 in chips) 
neurophunker: posts small blind $0.05
svenikkk: posts big blind $0.10
*** HOLE CARDS ***
neurophunker: raises $0.10 to $0.20
svenikkk: folds 
Uncalled bet ($0.10) returned to neurophunker
neurophunker collected $0.20 from pot
neurophunker: doesn't show hand 
*** SUMMARY ***
Total pot $0.20 | Rake $0 
Seat 2: neurophunker (button) (small blind) collected ($0.20)
Seat 4: svenikkk (big blind) folded before Flop



PokerStars Hand #222953720108:  Hold'em No Limit ($0.05/$0.10 USD) - 2021/01/23 8:37:37 ET
Table 'Capella II' 6-max Seat #4 is the button
Seat 2: neurophunker ($10.27 in chips) 
Seat 4: svenikkk ($19.55 in chips) 
svenikkk: posts small blind $0.05
neurophunker: posts big blind $0.10
*** HOLE CARDS ***
svenikkk: folds 
Uncalled bet ($0.05) returned to neurophunker
neurophunker collected $0.10 from pot
neurophunker: doesn't show hand 
*** SUMMARY ***
Total pot $0.10 | Rake $0 
Seat 2: neurophunker (big blind) collected ($0.10)
Seat 4: svenikkk (button) (small blind) folded before Flop



PokerStars Hand #222953722697:  Hold'em No Limit ($0.05/$0.10 USD) - 2021/01/23 8:37:43 ET
Table 'Capella II' 6-max Seat #2 is the button
Seat 2: neurophunker ($10.32 in chips) 
Seat 4: svenikkk ($19.50 in chips) 
neurophunker: posts small blind $0.05
svenikkk: posts big blind $0.10
*** HOLE CARDS ***
neurophunker: folds 
Uncalled bet ($0.05) returned to svenikkk
svenikkk collected $0.10 from pot
*** SUMMARY ***
Total pot $0.10 | Rake $0 
Seat 2: neurophunker (button) (small blind) folded before Flop
Seat 4: svenikkk (big blind) collected ($0.10)



PokerStars Hand #222953724728:  Hold'em No Limit ($0.05/$0.10 USD) - 2021/01/23 8:37:47 ET
Table 'Capella II' 6-max Seat #4 is the button
Seat 2: neurophunker ($10.27 in chips) 
Seat 4: svenikkk ($19.55 in chips) 
svenikkk: posts small blind $0.05
neurophunker: posts big blind $0.10
*** HOLE CARDS ***
svenikkk: raises $0.20 to $0.30
neurophunker: calls $0.20
*** FLOP *** [Jh 7d 4h]
neurophunker: checks 
svenikkk: checks 
*** TURN *** [Jh 7d 4h] [7c]
neurophunker: bets $0.30
svenikkk: folds 
Uncalled bet ($0.30) returned to neurophunker
neurophunker collected $0.57 from pot
neurophunker: doesn't show hand 
*** SUMMARY ***
Total pot $0.60 | Rake $0.03 
Board [Jh 7d 4h 7c]
Seat 2: neurophunker (big blind) collected ($0.57)
Seat 4: svenikkk (button) (small blind) folded on the Turn



PokerStars Hand #222952389889:  Hold'em No Limit ($0.05/$0.10 USD) - 2021/01/23 7:42:54 ET
Table 'Capella II' 6-max Seat #5 is the button
Seat 1: SICKDUCK69 ($12.84 in chips) 
Seat 2: Rahaautomaat ($9.25 in chips) 
Seat 3: Im Grinder ($10.45 in chips) 
Seat 4: bensari ($13.95 in chips) 
Seat 5: bang4buck111 ($10.15 in chips) 
Seat 6: densamara_63 ($10.32 in chips) 
densamara_63: posts small blind $0.05
SICKDUCK69: posts big blind $0.10
*** HOLE CARDS ***
Rahaautomaat: calls $0.10
Im Grinder: folds 
bensari: calls $0.10
bang4buck111: calls $0.10
densamara_63: calls $0.05
SICKDUCK69: checks 
*** FLOP *** [Qd Ks 3h]
densamara_63: checks 
SICKDUCK69: checks 
Rahaautomaat: checks 
bensari: bets $0.50
bang4buck111: folds 
densamara_63: calls $0.50
SICKDUCK69: folds 
Rahaautomaat: calls $0.50
*** TURN *** [Qd Ks 3h] [Ad]
densamara_63: checks 
Rahaautomaat: checks 
bensari: bets $2.10
densamara_63: folds 
Rahaautomaat: calls $2.10
*** RIVER *** [Qd Ks 3h Ad] [6h]
Rahaautomaat: checks 
bensari: bets $11.25 and is all-in
Rahaautomaat: folds 
Uncalled bet ($11.25) returned to bensari
bensari collected $5.92 from pot
bensari: doesn't show hand 
*** SUMMARY ***
Total pot $6.20 | Rake $0.28 
Board [Qd Ks 3h Ad 6h]
Seat 1: SICKDUCK69 (big blind) folded on the Flop
Seat 2: Rahaautomaat folded on the River
Seat 3: Im Grinder folded before Flop (didn't bet)
Seat 4: bensari collected ($5.92)
Seat 5: bang4buck111 (button) folded on the Flop
Seat 6: densamara_63 (small blind) folded on the Turn



PokerStars Hand #222952422186:  Hold'em No Limit ($0.05/$0.10 USD) - 2021/01/23 7:44:19 ET
Table 'Capella II' 6-max Seat #6 is the button
Seat 1: SICKDUCK69 ($12.74 in chips) 
Seat 2: Rahaautomaat ($6.55 in chips) 
Seat 3: Im Grinder ($10.45 in chips) 
Seat 4: bensari ($17.17 in chips) 
Seat 5: bang4buck111 ($10.05 in chips) 
Seat 6: densamara_63 ($10 in chips) 
SICKDUCK69: posts small blind $0.05
Rahaautomaat: posts big blind $0.10
*** HOLE CARDS ***
Im Grinder: folds 
bensari: folds 
bang4buck111: folds 
densamara_63: folds 
SICKDUCK69: calls $0.05
Rahaautomaat: raises $0.20 to $0.30
SICKDUCK69: calls $0.20
*** FLOP *** [2s 3s 5h]
SICKDUCK69: bets $0.50
Rahaautomaat: folds 
Uncalled bet ($0.50) returned to SICKDUCK69
SICKDUCK69 collected $0.57 from pot
SICKDUCK69: doesn't show hand 
*** SUMMARY ***
Total pot $0.60 | Rake $0.03 
Board [2s 3s 5h]
Seat 1: SICKDUCK69 (small blind) collected ($0.57)
Seat 2: Rahaautomaat (big blind) folded on the Flop
Seat 3: Im Grinder folded before Flop (didn't bet)
Seat 4: bensari folded before Flop (didn't bet)
Seat 5: bang4buck111 folded before Flop (didn't bet)
Seat 6: densamara_63 (button) folded before Flop (didn't bet)



PokerStars Hand #222952432710:  Hold'em No Limit ($0.05/$0.10 USD) - 2021/01/23 7:44:47 ET
Table 'Capella II' 6-max Seat #1 is the button
Seat 1: SICKDUCK69 ($13.01 in chips) 
Seat 2: Rahaautomaat ($6.25 in chips) 
Seat 3: Im Grinder ($10.45 in chips) 
Seat 4: bensari ($17.17 in chips) 
Seat 5: bang4buck111 ($10.05 in chips) 
Seat 6: densamara_63 ($10 in chips) 
Rahaautomaat: posts small blind $0.05
Im Grinder: posts big blind $0.10
*** HOLE CARDS ***
bensari: calls $0.10
bang4buck111: folds 
densamara_63: folds 
SICKDUCK69: calls $0.10
Rahaautomaat: calls $0.05
Im Grinder: checks 
*** FLOP *** [Jc 2d Jd]
Rahaautomaat: checks 
Im Grinder: checks 
bensari: bets $0.20
SICKDUCK69: folds 
Rahaautomaat: calls $0.20
Im Grinder: calls $0.20
*** TURN *** [Jc 2d Jd] [9s]
Rahaautomaat: bets $0.48
Im Grinder: calls $0.48
bensari: folds 
*** RIVER *** [Jc 2d Jd 9s] [Ac]
Rahaautomaat: bets $0.94
Im Grinder: folds 
Uncalled bet ($0.94) returned to Rahaautomaat
Rahaautomaat collected $1.87 from pot
Rahaautomaat: doesn't show hand 
*** SUMMARY ***
Total pot $1.96 | Rake $0.09 
Board [Jc 2d Jd 9s Ac]
Seat 1: SICKDUCK69 (button) folded on the Flop
Seat 2: Rahaautomaat (small blind) collected ($1.87)
Seat 3: Im Grinder (big blind) folded on the River
Seat 4: bensari folded on the Turn
Seat 5: bang4buck111 folded before Flop (didn't bet)
Seat 6: densamara_63 folded before Flop (didn't bet)



PokerStars Hand #222952452466:  Hold'em No Limit ($0.05/$0.10 USD) - 2021/01/23 7:45:38 ET
Table 'Capella II' 6-max Seat #2 is the button
Seat 1: SICKDUCK69 ($12.91 in chips) 
Seat 2: Rahaautomaat ($7.43 in chips) 
Seat 3: Im Grinder ($10 in chips) 
Seat 4: bensari ($16.87 in chips) 
Seat 5: bang4buck111 ($10.05 in chips) 
Seat 6: densamara_63 ($10 in chips) 
Im Grinder: posts small blind $0.05
bensari: posts big blind $0.10
*** HOLE CARDS ***
bang4buck111: folds 
densamara_63: folds 
SICKDUCK69: folds 
Rahaautomaat: folds 
Im Grinder: folds 
Uncalled bet ($0.05) returned to bensari
bensari collected $0.10 from pot
bensari: doesn't show hand 
*** SUMMARY ***
Total pot $0.10 | Rake $0 
Seat 1: SICKDUCK69 folded before Flop (didn't bet)
Seat 2: Rahaautomaat (button) folded before Flop (didn't bet)
Seat 3: Im Grinder (small blind) folded before Flop
Seat 4: bensari (big blind) collected ($0.10)
Seat 5: bang4buck111 folded before Flop (didn't bet)
Seat 6: densamara_63 folded before Flop (didn't bet)



PokerStars Hand #222952456775:  Hold'em No Limit ($0.05/$0.10 USD) - 2021/01/23 7:45:49 ET
Table 'Capella II' 6-max Seat #3 is the button
Seat 1: SICKDUCK69 ($12.91 in chips) 
Seat 2: Rahaautomaat ($7.43 in chips) 
Seat 3: Im Grinder ($10 in chips) 
Seat 4: bensari ($16.92 in chips) 
Seat 5: bang4buck111 ($10.05 in chips) 
Seat 6: densamara_63 ($10 in chips) 
bensari: posts small blind $0.05
bang4buck111: posts big blind $0.10
*** HOLE CARDS ***
densamara_63: raises $0.20 to $0.30
SICKDUCK69: folds 
Rahaautomaat: folds 
Im Grinder: folds 
bensari: calls $0.25
bang4buck111: folds 
*** FLOP *** [8c 4d 5c]
bensari: bets $1
densamara_63: calls $1
*** TURN *** [8c 4d 5c] [Kd]
bensari: bets $2
densamara_63: calls $2
*** RIVER *** [8c 4d 5c Kd] [Kh]
bensari: checks 
densamara_63: bets $2.24
bensari: raises $11.38 to $13.62 and is all-in
densamara_63: calls $4.46 and is all-in
Uncalled bet ($6.92) returned to bensari
*** SHOW DOWN ***
bensari: shows [8h 7c] (two pair, Kings and Eights)
densamara_63: shows [Js Jh] (two pair, Kings and Jacks)
densamara_63 collected $19.20 from pot
*** SUMMARY ***
Total pot $20.10 | Rake $0.90 
Board [8c 4d 5c Kd Kh]
Seat 1: SICKDUCK69 folded before Flop (didn't bet)
Seat 2: Rahaautomaat folded before Flop (didn't bet)
Seat 3: Im Grinder (button) folded before Flop (didn't bet)
Seat 4: bensari (small blind) showed [8h 7c] and lost with two pair, Kings and Eights
Seat 5: bang4buck111 (big blind) folded before Flop
Seat 6: densamara_63 showed [Js Jh] and won ($19.20) with two pair, Kings and Jacks



PokerStars Hand #222952474007:  Hold'em No Limit ($0.05/$0.10 USD) - 2021/01/23 7:46:34 ET
Table 'Capella II' 6-max Seat #4 is the button
Seat 1: SICKDUCK69 ($12.91 in chips) 
Seat 2: Rahaautomaat ($7.43 in chips) 
Seat 3: Im Grinder ($10 in chips) 
Seat 4: bensari ($6.92 in chips) 
Seat 5: bang4buck111 ($10 in chips) 
Seat 6: densamara_63 ($19.20 in chips) 
bang4buck111: posts small blind $0.05
densamara_63: posts big blind $0.10
*** HOLE CARDS ***
SICKDUCK69 has timed out
SICKDUCK69: folds 
Rahaautomaat: calls $0.10
Im Grinder: folds 
bensari: folds 
bensari leaves the table
ChoasCarlos joins the table at seat #4 
bang4buck111: calls $0.05
densamara_63: checks 
*** FLOP *** [Ks 9s 7h]
bang4buck111: checks 
densamara_63: checks 
Rahaautomaat: bets $0.29
bang4buck111: folds 
densamara_63: folds 
Uncalled bet ($0.29) returned to Rahaautomaat
Rahaautomaat collected $0.29 from pot
Rahaautomaat: doesn't show hand 
*** SUMMARY ***
Total pot $0.30 | Rake $0.01 
Board [Ks 9s 7h]
Seat 1: SICKDUCK69 folded before Flop (didn't bet)
Seat 2: Rahaautomaat collected ($0.29)
Seat 3: Im Grinder folded before Flop (didn't bet)
Seat 4: bensari (button) folded before Flop (didn't bet)
Seat 5: bang4buck111 (small blind) folded on the Flop
Seat 6: densamara_63 (big blind) folded on the Flop



PokerStars Hand #222952488999:  Hold'em No Limit ($0.05/$0.10 USD) - 2021/01/23 7:47:13 ET
Table 'Capella II' 6-max Seat #5 is the button
Seat 1: SICKDUCK69 ($12.91 in chips) 
Seat 2: Rahaautomaat ($7.62 in chips) 
Seat 3: Im Grinder ($10 in chips) 
Seat 5: bang4buck111 ($10 in chips) 
Seat 6: densamara_63 ($19.10 in chips) 
densamara_63: posts small blind $0.05
SICKDUCK69: posts big blind $0.10
ChoasCarlos: sits out 
*** HOLE CARDS ***
Rahaautomaat: folds 
Im Grinder: raises $0.20 to $0.30
bang4buck111: folds 
densamara_63: folds 
SICKDUCK69: calls $0.20
*** FLOP *** [6c 8s 3s]
SICKDUCK69: checks 
Im Grinder: bets $0.41
SICKDUCK69: calls $0.41
*** TURN *** [6c 8s 3s] [9h]
SICKDUCK69: bets $0.48
Im Grinder: raises $1.22 to $1.70
SICKDUCK69: calls $1.22
*** RIVER *** [6c 8s 3s 9h] [Th]
SICKDUCK69: bets $1.58
Im Grinder: calls $1.58
*** SHOW DOWN ***
SICKDUCK69: shows [7c As] (a straight, Six to Ten)
Im Grinder: mucks hand 
SICKDUCK69 collected $7.67 from pot
*** SUMMARY ***
Total pot $8.03 | Rake $0.36 
Board [6c 8s 3s 9h Th]
Seat 1: SICKDUCK69 (big blind) showed [7c As] and won ($7.67) with a straight, Six to Ten
Seat 2: Rahaautomaat folded before Flop (didn't bet)
Seat 3: Im Grinder mucked
Seat 5: bang4buck111 (button) folded before Flop (didn't bet)
Seat 6: densamara_63 (small blind) folded before Flop



PokerStars Hand #222952511272:  Hold'em No Limit ($0.05/$0.10 USD) - 2021/01/23 7:48:11 ET
Table 'Capella II' 6-max Seat #6 is the button
Seat 1: SICKDUCK69 ($16.59 in chips) 
Seat 2: Rahaautomaat ($7.62 in chips) 
Seat 3: Im Grinder ($10 in chips) 
Seat 4: ChoasCarlos ($8 in chips) 
Seat 5: bang4buck111 ($10 in chips) 
Seat 6: densamara_63 ($19.05 in chips) 
SICKDUCK69: posts small blind $0.05
Rahaautomaat: posts big blind $0.10
ChoasCarlos: posts big blind $0.10
*** HOLE CARDS ***
Im Grinder: folds 
ChoasCarlos: checks 
bang4buck111: folds 
densamara_63: folds 
SICKDUCK69: raises $0.15 to $0.25
Rahaautomaat: calls $0.15
ChoasCarlos: calls $0.15
*** FLOP *** [3d Kh 9h]
SICKDUCK69: bets $0.24
Rahaautomaat: folds 
ChoasCarlos: folds 
Uncalled bet ($0.24) returned to SICKDUCK69
SICKDUCK69 collected $0.72 from pot
SICKDUCK69: doesn't show hand 
*** SUMMARY ***
Total pot $0.75 | Rake $0.03 
Board [3d Kh 9h]
Seat 1: SICKDUCK69 (small blind) collected ($0.72)
Seat 2: Rahaautomaat (big blind) folded on the Flop
Seat 3: Im Grinder folded before Flop (didn't bet)
Seat 4: ChoasCarlos folded on the Flop
Seat 5: bang4buck111 folded before Flop (didn't bet)
Seat 6: densamara_63 (button) folded before Flop (didn't bet)



PokerStars Hand #222952526894:  Hold'em No Limit ($0.05/$0.10 USD) - 2021/01/23 7:48:52 ET
Table 'Capella II' 6-max Seat #1 is the button
Seat 1: SICKDUCK69 ($17.06 in chips) 
Seat 2: Rahaautomaat ($7.37 in chips) 
Seat 3: Im Grinder ($10 in chips) 
Seat 4: ChoasCarlos ($7.75 in chips) 
Seat 5: bang4buck111 ($10 in chips) 
Seat 6: densamara_63 ($19.05 in chips) 
Rahaautomaat: posts small blind $0.05
Im Grinder: posts big blind $0.10
*** HOLE CARDS ***
ChoasCarlos: calls $0.10
bang4buck111: folds 
densamara_63: folds 
SICKDUCK69: calls $0.10
Rahaautomaat: raises $0.20 to $0.30
Im Grinder: folds 
ChoasCarlos: raises $0.60 to $0.90
SICKDUCK69: folds 
Rahaautomaat: calls $0.60
*** FLOP *** [Qc 4d 9h]
Rahaautomaat: checks 
ChoasCarlos: checks 
*** TURN *** [Qc 4d 9h] [Jd]
Rahaautomaat: checks 
ChoasCarlos: checks 
*** RIVER *** [Qc 4d 9h Jd] [5d]
Rahaautomaat: checks 
ChoasCarlos: checks 
*** SHOW DOWN ***
Rahaautomaat: shows [2s Ks] (high card King)
ChoasCarlos: shows [As Kd] (high card Ace)
ChoasCarlos collected $1.91 from pot
*** SUMMARY ***
Total pot $2 | Rake $0.09 
Board [Qc 4d 9h Jd 5d]
Seat 1: SICKDUCK69 (button) folded before Flop
Seat 2: Rahaautomaat (small blind) showed [2s Ks] and lost with high card King
Seat 3: Im Grinder (big blind) folded before Flop
Seat 4: ChoasCarlos showed [As Kd] and won ($1.91) with high card Ace
Seat 5: bang4buck111 folded before Flop (didn't bet)
Seat 6: densamara_63 folded before Flop (didn't bet)



PokerStars Hand #222952545618:  Hold'em No Limit ($0.05/$0.10 USD) - 2021/01/23 7:49:41 ET
Table 'Capella II' 6-max Seat #2 is the button
Seat 1: SICKDUCK69 ($16.96 in chips) 
Seat 2: Rahaautomaat ($6.47 in chips) 
Seat 3: Im Grinder ($10 in chips) 
Seat 4: ChoasCarlos ($8.76 in chips) 
Seat 5: bang4buck111 ($10 in chips) 
Seat 6: densamara_63 ($19.05 in chips) 
Im Grinder: posts small blind $0.05
ChoasCarlos: posts big blind $0.10
*** HOLE CARDS ***
bang4buck111: raises $0.20 to $0.30
densamara_63: raises $0.60 to $0.90
SICKDUCK69: folds 
Rahaautomaat: folds 
Im Grinder: folds 
ChoasCarlos: folds 
bang4buck111: calls $0.60
*** FLOP *** [7c 4c 2d]
bang4buck111: checks 
densamara_63: checks 
*** TURN *** [7c 4c 2d] [6h]
bang4buck111: bets $1.05
densamara_63: raises $1.65 to $2.70
bang4buck111: raises $6.40 to $9.10 and is all-in
densamara_63: folds 
Uncalled bet ($6.40) returned to bang4buck111
bang4buck111 collected $7.02 from pot
bang4buck111: doesn't show hand 
*** SUMMARY ***
Total pot $7.35 | Rake $0.33 
Board [7c 4c 2d 6h]
Seat 1: SICKDUCK69 folded before Flop (didn't bet)
Seat 2: Rahaautomaat (button) folded before Flop (didn't bet)
Seat 3: Im Grinder (small blind) folded before Flop
Seat 4: ChoasCarlos (big blind) folded before Flop
Seat 5: bang4buck111 collected ($7.02)
Seat 6: densamara_63 folded on the Turn



PokerStars Hand #222952563744:  Hold'em No Limit ($0.05/$0.10 USD) - 2021/01/23 7:50:28 ET
Table 'Capella II' 6-max Seat #3 is the button
Seat 1: SICKDUCK69 ($16.96 in chips) 
Seat 2: Rahaautomaat ($6.47 in chips) 
Seat 3: Im Grinder ($10 in chips) 
Seat 4: ChoasCarlos ($8.66 in chips) 
Seat 5: bang4buck111 ($13.42 in chips) 
Seat 6: densamara_63 ($15.45 in chips) 
ChoasCarlos: posts small blind $0.05
bang4buck111: posts big blind $0.10
*** HOLE CARDS ***
densamara_63: folds 
SICKDUCK69: raises $0.15 to $0.25
Rahaautomaat: calls $0.25
Im Grinder: folds 
ChoasCarlos: folds 
bang4buck111: folds 
*** FLOP *** [Kd 8s Jd]
SICKDUCK69: bets $0.41
Rahaautomaat: calls $0.41
*** TURN *** [Kd 8s Jd] [3s]
SICKDUCK69: bets $0.92
Rahaautomaat: calls $0.92
*** RIVER *** [Kd 8s Jd 3s] [Jc]
SICKDUCK69: bets $0.73
Rahaautomaat: raises $4.16 to $4.89 and is all-in
SICKDUCK69: folds 
Uncalled bet ($4.16) returned to Rahaautomaat
Rahaautomaat collected $4.56 from pot
Rahaautomaat: doesn't show hand 
*** SUMMARY ***
Total pot $4.77 | Rake $0.21 
Board [Kd 8s Jd 3s Jc]
Seat 1: SICKDUCK69 folded on the River
Seat 2: Rahaautomaat collected ($4.56)
Seat 3: Im Grinder (button) folded before Flop (didn't bet)
Seat 4: ChoasCarlos (small blind) folded before Flop
Seat 5: bang4buck111 (big blind) folded before Flop
Seat 6: densamara_63 folded before Flop (didn't bet)



PokerStars Hand #222952590288:  Hold'em No Limit ($0.05/$0.10 USD) - 2021/01/23 7:51:37 ET
Table 'Capella II' 6-max Seat #4 is the button
Seat 1: SICKDUCK69 ($14.65 in chips) 
Seat 2: Rahaautomaat ($8.72 in chips) 
Seat 3: Im Grinder ($10 in chips) 
Seat 4: ChoasCarlos ($8.61 in chips) 
Seat 5: bang4buck111 ($13.32 in chips) 
bang4buck111: posts small blind $0.05
densamara_63: is sitting out 
SICKDUCK69: posts big blind $0.10
*** HOLE CARDS ***
Rahaautomaat: folds 
Im Grinder: folds 
ChoasCarlos: raises $0.20 to $0.30
bang4buck111: folds 
SICKDUCK69: calls $0.20
*** FLOP *** [2s Kd 5h]
SICKDUCK69: checks 
ChoasCarlos: bets $0.41
SICKDUCK69: folds 
Uncalled bet ($0.41) returned to ChoasCarlos
ChoasCarlos collected $0.62 from pot
*** SUMMARY ***
Total pot $0.65 | Rake $0.03 
Board [2s Kd 5h]
Seat 1: SICKDUCK69 (big blind) folded on the Flop
Seat 2: Rahaautomaat folded before Flop (didn't bet)
Seat 3: Im Grinder folded before Flop (didn't bet)
Seat 4: ChoasCarlos (button) collected ($0.62)
Seat 5: bang4buck111 (small blind) folded before Flop



PokerStars Hand #222952608922:  Hold'em No Limit ($0.05/$0.10 USD) - 2021/01/23 7:52:25 ET
Table 'Capella II' 6-max Seat #5 is the button
Seat 1: SICKDUCK69 ($14.35 in chips) 
Seat 2: Rahaautomaat ($8.72 in chips) 
Seat 3: Im Grinder ($10 in chips) 
Seat 4: ChoasCarlos ($8.93 in chips) 
Seat 5: bang4buck111 ($13.27 in chips) 
SICKDUCK69: posts small blind $0.05
Rahaautomaat: posts big blind $0.10
*** HOLE CARDS ***
Im Grinder: raises $0.20 to $0.30
ChoasCarlos: folds 
bang4buck111: calls $0.30
SICKDUCK69: folds 
Rahaautomaat: folds 
*** FLOP *** [As 8s 3h]
Im Grinder: checks 
bang4buck111: bets $0.50
Im Grinder: raises $0.90 to $1.40
bang4buck111: folds 
Uncalled bet ($0.90) returned to Im Grinder
Im Grinder collected $1.67 from pot
Im Grinder: doesn't show hand 
*** SUMMARY ***
Total pot $1.75 | Rake $0.08 
Board [As 8s 3h]
Seat 1: SICKDUCK69 (small blind) folded before Flop
Seat 2: Rahaautomaat (big blind) folded before Flop
Seat 3: Im Grinder collected ($1.67)
Seat 4: ChoasCarlos folded before Flop (didn't bet)
Seat 5: bang4buck111 (button) folded on the Flop



PokerStars Hand #222952627489:  Hold'em No Limit ($0.05/$0.10 USD) - 2021/01/23 7:53:13 ET
Table 'Capella II' 6-max Seat #1 is the button
Seat 1: SICKDUCK69 ($14.30 in chips) 
Seat 2: Rahaautomaat ($8.62 in chips) 
Seat 3: Im Grinder ($10.87 in chips) 
Seat 4: ChoasCarlos ($8.93 in chips) 
Seat 5: bang4buck111 ($12.47 in chips) 
Rahaautomaat: posts small blind $0.05
Im Grinder: posts big blind $0.10
densamara_63: sits out 
*** HOLE CARDS ***
ChoasCarlos: calls $0.10
bang4buck111: folds 
SICKDUCK69: calls $0.10
Rahaautomaat: calls $0.05
Im Grinder: checks 
*** FLOP *** [7s 9h 3d]
Rahaautomaat: checks 
Im Grinder: checks 
ChoasCarlos: checks 
SICKDUCK69: checks 
*** TURN *** [7s 9h 3d] [2c]
Rahaautomaat: checks 
Im Grinder: checks 
ChoasCarlos: checks 
SICKDUCK69: checks 
*** RIVER *** [7s 9h 3d 2c] [8h]
Rahaautomaat: checks 
Im Grinder: checks 
ChoasCarlos: bets $0.30
SICKDUCK69: folds 
Rahaautomaat: folds 
Im Grinder: folds 
Uncalled bet ($0.30) returned to ChoasCarlos
ChoasCarlos collected $0.38 from pot
*** SUMMARY ***
Total pot $0.40 | Rake $0.02 
Board [7s 9h 3d 2c 8h]
Seat 1: SICKDUCK69 (button) folded on the River
Seat 2: Rahaautomaat (small blind) folded on the River
Seat 3: Im Grinder (big blind) folded on the River
Seat 4: ChoasCarlos collected ($0.38)
Seat 5: bang4buck111 folded before Flop (didn't bet)



PokerStars Hand #222952652935:  Hold'em No Limit ($0.05/$0.10 USD) - 2021/01/23 7:54:19 ET
Table 'Capella II' 6-max Seat #2 is the button
Seat 1: SICKDUCK69 ($14.20 in chips) 
Seat 2: Rahaautomaat ($8.52 in chips) 
Seat 3: Im Grinder ($10.77 in chips) 
Seat 4: ChoasCarlos ($9.21 in chips) 
Seat 5: bang4buck111 ($12.47 in chips) 
Im Grinder: posts small blind $0.05
ChoasCarlos: posts big blind $0.10
densamara_63: sits out 
*** HOLE CARDS ***
bang4buck111: folds 
SICKDUCK69: raises $0.15 to $0.25
Rahaautomaat: folds 
Im Grinder: folds 
ChoasCarlos: calls $0.15
*** FLOP *** [Qh 4h 6s]
ChoasCarlos: checks 
SICKDUCK69: bets $0.12
ChoasCarlos: calls $0.12
*** TURN *** [Qh 4h 6s] [2c]
ChoasCarlos: checks 
SICKDUCK69: bets $0.26
ChoasCarlos: calls $0.26
*** RIVER *** [Qh 4h 6s 2c] [Ac]
ChoasCarlos: checks 
SICKDUCK69: bets $0.83
ChoasCarlos: folds 
Uncalled bet ($0.83) returned to SICKDUCK69
SICKDUCK69 collected $1.25 from pot
SICKDUCK69: doesn't show hand 
*** SUMMARY ***
Total pot $1.31 | Rake $0.06 
Board [Qh 4h 6s 2c Ac]
Seat 1: SICKDUCK69 collected ($1.25)
Seat 2: Rahaautomaat (button) folded before Flop (didn't bet)
Seat 3: Im Grinder (small blind) folded before Flop
Seat 4: ChoasCarlos (big blind) folded on the River
Seat 5: bang4buck111 folded before Flop (didn't bet)



PokerStars Hand #222952673941:  Hold'em No Limit ($0.05/$0.10 USD) - 2021/01/23 7:55:14 ET
Table 'Capella II' 6-max Seat #3 is the button
Seat 1: SICKDUCK69 ($14.82 in chips) 
Seat 2: Rahaautomaat ($8.52 in chips) 
Seat 3: Im Grinder ($10.72 in chips) 
Seat 4: ChoasCarlos ($8.58 in chips) 
Seat 5: bang4buck111 ($12.47 in chips) 
ChoasCarlos: posts small blind $0.05
bang4buck111: posts big blind $0.10
densamara_63: sits out 
*** HOLE CARDS ***
SICKDUCK69: folds 
Rahaautomaat: raises $0.20 to $0.30
Im Grinder: folds 
ChoasCarlos: calls $0.25
bang4buck111: folds 
*** FLOP *** [2c Js Ah]
ChoasCarlos: checks 
Rahaautomaat: checks 
*** TURN *** [2c Js Ah] [Jd]
ChoasCarlos: bets $0.20
Rahaautomaat: folds 
Uncalled bet ($0.20) returned to ChoasCarlos
ChoasCarlos collected $0.67 from pot
*** SUMMARY ***
Total pot $0.70 | Rake $0.03 
Board [2c Js Ah Jd]
Seat 1: SICKDUCK69 folded before Flop (didn't bet)
Seat 2: Rahaautomaat folded on the Turn
Seat 3: Im Grinder (button) folded before Flop (didn't bet)
Seat 4: ChoasCarlos (small blind) collected ($0.67)
Seat 5: bang4buck111 (big blind) folded before Flop



PokerStars Hand #222952681335:  Hold'em No Limit ($0.05/$0.10 USD) - 2021/01/23 7:55:37 ET
Table 'Capella II' 6-max Seat #4 is the button
Seat 1: SICKDUCK69 ($14.82 in chips) 
Seat 2: Rahaautomaat ($8.22 in chips) 
Seat 3: Im Grinder ($10.72 in chips) 
Seat 4: ChoasCarlos ($8.95 in chips) 
Seat 5: bang4buck111 ($12.37 in chips) 
Seat 6: densamara_63 ($15.45 in chips) 
bang4buck111: posts small blind $0.05
densamara_63: posts big blind $0.10
*** HOLE CARDS ***
SICKDUCK69: folds 
Rahaautomaat: folds 
Im Grinder: raises $0.20 to $0.30
ChoasCarlos: folds 
bang4buck111: raises $0.75 to $1.05
densamara_63: folds 
Im Grinder: calls $0.75
*** FLOP *** [4d 2s 2d]
bang4buck111: bets $1.25
Im Grinder: raises $1.25 to $2.50
bang4buck111: raises $8.82 to $11.32 and is all-in
Im Grinder: folds 
Uncalled bet ($8.82) returned to bang4buck111
bang4buck111 collected $6.88 from pot
bang4buck111: doesn't show hand 
*** SUMMARY ***
Total pot $7.20 | Rake $0.32 
Board [4d 2s 2d]
Seat 1: SICKDUCK69 folded before Flop (didn't bet)
Seat 2: Rahaautomaat folded before Flop (didn't bet)
Seat 3: Im Grinder folded on the Flop
Seat 4: ChoasCarlos (button) folded before Flop (didn't bet)
Seat 5: bang4buck111 (small blind) collected ($6.88)
Seat 6: densamara_63 (big blind) folded before Flop



PokerStars Hand #222952699540:  Hold'em No Limit ($0.05/$0.10 USD) - 2021/01/23 7:56:33 ET
Table 'Capella II' 6-max Seat #5 is the button
Seat 1: SICKDUCK69 ($14.82 in chips) 
Seat 2: Rahaautomaat ($8.22 in chips) 
Seat 3: Im Grinder ($10 in chips) 
Seat 4: ChoasCarlos ($8.95 in chips) 
Seat 5: bang4buck111 ($15.70 in chips) 
Seat 6: densamara_63 ($15.35 in chips) 
densamara_63: posts small blind $0.05
SICKDUCK69: posts big blind $0.10
*** HOLE CARDS ***
Rahaautomaat: raises $0.20 to $0.30
Im Grinder: folds 
ChoasCarlos: folds 
bang4buck111: folds 
densamara_63: folds 
SICKDUCK69: calls $0.20
*** FLOP *** [9h Qh Qc]
SICKDUCK69: checks 
Rahaautomaat: checks 
*** TURN *** [9h Qh Qc] [Kd]
SICKDUCK69: checks 
Rahaautomaat: checks 
*** RIVER *** [9h Qh Qc Kd] [6h]
SICKDUCK69: checks 
Rahaautomaat: bets $0.31
SICKDUCK69: folds 
Uncalled bet ($0.31) returned to Rahaautomaat
Rahaautomaat collected $0.62 from pot
Rahaautomaat: doesn't show hand 
*** SUMMARY ***
Total pot $0.65 | Rake $0.03 
Board [9h Qh Qc Kd 6h]
Seat 1: SICKDUCK69 (big blind) folded on the River
Seat 2: Rahaautomaat collected ($0.62)
Seat 3: Im Grinder folded before Flop (didn't bet)
Seat 4: ChoasCarlos folded before Flop (didn't bet)
Seat 5: bang4buck111 (button) folded before Flop (didn't bet)
Seat 6: densamara_63 (small blind) folded before Flop



PokerStars Hand #222952715680:  Hold'em No Limit ($0.05/$0.10 USD) - 2021/01/23 7:57:22 ET
Table 'Capella II' 6-max Seat #6 is the button
Seat 1: SICKDUCK69 ($14.52 in chips) 
Seat 2: Rahaautomaat ($8.54 in chips) 
Seat 3: Im Grinder ($10 in chips) 
Seat 4: ChoasCarlos ($8.95 in chips) 
Seat 5: bang4buck111 ($15.70 in chips) 
Seat 6: densamara_63 ($15.30 in chips) 
SICKDUCK69: posts small blind $0.05
Rahaautomaat: posts big blind $0.10
*** HOLE CARDS ***
Im Grinder: folds 
ChoasCarlos: folds 
bang4buck111: raises $0.20 to $0.30
densamara_63: folds 
SICKDUCK69: folds 
Rahaautomaat: calls $0.20
*** FLOP *** [6h 2d 9c]
Rahaautomaat: checks 
bang4buck111: bets $0.35
Rahaautomaat: calls $0.35
*** TURN *** [6h 2d 9c] [2s]
Rahaautomaat: checks 
bang4buck111: bets $0.65
Rahaautomaat: calls $0.65
*** RIVER *** [6h 2d 9c 2s] [5d]
Rahaautomaat: checks 
bang4buck111: checks 
*** SHOW DOWN ***
Rahaautomaat: shows [7c 7s] (two pair, Sevens and Deuces)
bang4buck111: shows [Jd 9d] (two pair, Nines and Deuces)
bang4buck111 collected $2.53 from pot
*** SUMMARY ***
Total pot $2.65 | Rake $0.12 
Board [6h 2d 9c 2s 5d]
Seat 1: SICKDUCK69 (small blind) folded before Flop
Seat 2: Rahaautomaat (big blind) showed [7c 7s] and lost with two pair, Sevens and Deuces
Seat 3: Im Grinder folded before Flop (didn't bet)
Seat 4: ChoasCarlos folded before Flop (didn't bet)
Seat 5: bang4buck111 showed [Jd 9d] and won ($2.53) with two pair, Nines and Deuces
Seat 6: densamara_63 (button) folded before Flop (didn't bet)



PokerStars Hand #222952728514:  Hold'em No Limit ($0.05/$0.10 USD) - 2021/01/23 7:58:01 ET
Table 'Capella II' 6-max Seat #1 is the button
Seat 1: SICKDUCK69 ($14.47 in chips) 
Seat 2: Rahaautomaat ($7.24 in chips) 
Seat 3: Im Grinder ($10 in chips) 
Seat 4: ChoasCarlos ($8.95 in chips) 
Seat 5: bang4buck111 ($16.93 in chips) 
Seat 6: densamara_63 ($15.30 in chips) 
Rahaautomaat: posts small blind $0.05
Im Grinder: posts big blind $0.10
*** HOLE CARDS ***
ChoasCarlos: calls $0.10
bang4buck111: folds 
densamara_63: folds 
SICKDUCK69: folds 
Rahaautomaat: calls $0.05
Im Grinder: checks 
*** FLOP *** [Kc 9d Ts]
Rahaautomaat: bets $0.15
Im Grinder: folds 
ChoasCarlos: folds 
Uncalled bet ($0.15) returned to Rahaautomaat
Rahaautomaat collected $0.29 from pot
Rahaautomaat: doesn't show hand 
*** SUMMARY ***
Total pot $0.30 | Rake $0.01 
Board [Kc 9d Ts]
Seat 1: SICKDUCK69 (button) folded before Flop (didn't bet)
Seat 2: Rahaautomaat (small blind) collected ($0.29)
Seat 3: Im Grinder (big blind) folded on the Flop
Seat 4: ChoasCarlos folded on the Flop
Seat 5: bang4buck111 folded before Flop (didn't bet)
Seat 6: densamara_63 folded before Flop (didn't bet)



PokerStars Hand #222952740767:  Hold'em No Limit ($0.05/$0.10 USD) - 2021/01/23 7:58:39 ET
Table 'Capella II' 6-max Seat #2 is the button
Seat 1: SICKDUCK69 ($14.47 in chips) 
Seat 2: Rahaautomaat ($7.43 in chips) 
Seat 3: Im Grinder ($10 in chips) 
Seat 4: ChoasCarlos ($8.85 in chips) 
Seat 5: bang4buck111 ($16.93 in chips) 
Seat 6: densamara_63 ($15.30 in chips) 
Im Grinder: posts small blind $0.05
ChoasCarlos: posts big blind $0.10
*** HOLE CARDS ***
bang4buck111: folds 
densamara_63: folds 
SICKDUCK69: folds 
Rahaautomaat: raises $0.20 to $0.30
Im Grinder: folds 
ChoasCarlos: folds 
Uncalled bet ($0.20) returned to Rahaautomaat
Rahaautomaat collected $0.25 from pot
Rahaautomaat: doesn't show hand 
*** SUMMARY ***
Total pot $0.25 | Rake $0 
Seat 1: SICKDUCK69 folded before Flop (didn't bet)
Seat 2: Rahaautomaat (button) collected ($0.25)
Seat 3: Im Grinder (small blind) folded before Flop
Seat 4: ChoasCarlos (big blind) folded before Flop
Seat 5: bang4buck111 folded before Flop (didn't bet)
Seat 6: densamara_63 folded before Flop (didn't bet)



PokerStars Hand #222952746752:  Hold'em No Limit ($0.05/$0.10 USD) - 2021/01/23 7:58:57 ET
Table 'Capella II' 6-max Seat #3 is the button
Seat 1: SICKDUCK69 ($14.47 in chips) 
Seat 2: Rahaautomaat ($7.58 in chips) 
Seat 3: Im Grinder ($10 in chips) 
Seat 4: ChoasCarlos ($8.75 in chips) 
Seat 5: bang4buck111 ($16.93 in chips) 
Seat 6: densamara_63 ($15.30 in chips) 
ChoasCarlos: posts small blind $0.05
bang4buck111: posts big blind $0.10
*** HOLE CARDS ***
densamara_63: raises $0.20 to $0.30
SICKDUCK69: folds 
Rahaautomaat: folds 
Im Grinder: folds 
ChoasCarlos: folds 
bang4buck111: calls $0.20
*** FLOP *** [Js 4c 6h]
bang4buck111: checks 
densamara_63: bets $0.51
bang4buck111: folds 
Uncalled bet ($0.51) returned to densamara_63
densamara_63 collected $0.62 from pot
*** SUMMARY ***
Total pot $0.65 | Rake $0.03 
Board [Js 4c 6h]
Seat 1: SICKDUCK69 folded before Flop (didn't bet)
Seat 2: Rahaautomaat folded before Flop (didn't bet)
Seat 3: Im Grinder (button) folded before Flop (didn't bet)
Seat 4: ChoasCarlos (small blind) folded before Flop
Seat 5: bang4buck111 (big blind) folded on the Flop
Seat 6: densamara_63 collected ($0.62)



PokerStars Hand #222952765940:  Hold'em No Limit ($0.05/$0.10 USD) - 2021/01/23 7:59:56 ET
Table 'Capella II' 6-max Seat #4 is the button
Seat 1: SICKDUCK69 ($14.47 in chips) 
Seat 2: Rahaautomaat ($7.58 in chips) 
Seat 3: Im Grinder ($10 in chips) 
Seat 4: ChoasCarlos ($8.70 in chips) 
Seat 5: bang4buck111 ($16.63 in chips) 
Seat 6: densamara_63 ($15.62 in chips) 
bang4buck111: posts small blind $0.05
densamara_63: posts big blind $0.10
*** HOLE CARDS ***
SICKDUCK69: folds 
Rahaautomaat: folds 
Im Grinder: folds 
ChoasCarlos: folds 
bang4buck111: raises $0.20 to $0.30
densamara_63: calls $0.20
*** FLOP *** [6h 8s Ad]
bang4buck111: bets $0.40
densamara_63: calls $0.40
*** TURN *** [6h 8s Ad] [5c]
bang4buck111: bets $1.30
densamara_63: folds 
Uncalled bet ($1.30) returned to bang4buck111
bang4buck111 collected $1.34 from pot
bang4buck111: doesn't show hand 
*** SUMMARY ***
Total pot $1.40 | Rake $0.06 
Board [6h 8s Ad 5c]
Seat 1: SICKDUCK69 folded before Flop (didn't bet)
Seat 2: Rahaautomaat folded before Flop (didn't bet)
Seat 3: Im Grinder folded before Flop (didn't bet)
Seat 4: ChoasCarlos (button) folded before Flop (didn't bet)
Seat 5: bang4buck111 (small blind) collected ($1.34)
Seat 6: densamara_63 (big blind) folded on the Turn



PokerStars Hand #222952775743:  Hold'em No Limit ($0.05/$0.10 USD) - 2021/01/23 8:00:24 ET
Table 'Capella II' 6-max Seat #5 is the button
Seat 1: SICKDUCK69 ($14.47 in chips) 
Seat 2: Rahaautomaat ($7.58 in chips) 
Seat 3: Im Grinder ($10 in chips) 
Seat 4: ChoasCarlos ($8.70 in chips) 
Seat 5: bang4buck111 ($17.27 in chips) 
Seat 6: densamara_63 ($14.92 in chips) 
densamara_63: posts small blind $0.05
SICKDUCK69: posts big blind $0.10
*** HOLE CARDS ***
Rahaautomaat: folds 
Im Grinder: folds 
ChoasCarlos: folds 
bang4buck111: folds 
densamara_63: raises $0.20 to $0.30
SICKDUCK69: calls $0.20
*** FLOP *** [6s Jh Qs]
densamara_63: checks 
SICKDUCK69: bets $0.38
densamara_63: folds 
Uncalled bet ($0.38) returned to SICKDUCK69
SICKDUCK69 collected $0.57 from pot
SICKDUCK69: doesn't show hand 
*** SUMMARY ***
Total pot $0.60 | Rake $0.03 
Board [6s Jh Qs]
Seat 1: SICKDUCK69 (big blind) collected ($0.57)
Seat 2: Rahaautomaat folded before Flop (didn't bet)
Seat 3: Im Grinder folded before Flop (didn't bet)
Seat 4: ChoasCarlos folded before Flop (didn't bet)
Seat 5: bang4buck111 (button) folded before Flop (didn't bet)
Seat 6: densamara_63 (small blind) folded on the Flop



PokerStars Hand #222952786075:  Hold'em No Limit ($0.05/$0.10 USD) - 2021/01/23 8:00:54 ET
Table 'Capella II' 6-max Seat #6 is the button
Seat 1: SICKDUCK69 ($14.74 in chips) 
Seat 2: Rahaautomaat ($7.58 in chips) 
Seat 3: Im Grinder ($10 in chips) 
Seat 4: ChoasCarlos ($8.70 in chips) 
Seat 5: bang4buck111 ($17.27 in chips) 
Seat 6: densamara_63 ($14.62 in chips) 
SICKDUCK69: posts small blind $0.05
Rahaautomaat: posts big blind $0.10
*** HOLE CARDS ***
Im Grinder: raises $0.20 to $0.30
ChoasCarlos: folds 
bang4buck111: folds 
densamara_63: folds 
SICKDUCK69: folds 
Rahaautomaat: folds 
Uncalled bet ($0.20) returned to Im Grinder
Im Grinder collected $0.25 from pot
Im Grinder: doesn't show hand 
*** SUMMARY ***
Total pot $0.25 | Rake $0 
Seat 1: SICKDUCK69 (small blind) folded before Flop
Seat 2: Rahaautomaat (big blind) folded before Flop
Seat 3: Im Grinder collected ($0.25)
Seat 4: ChoasCarlos folded before Flop (didn't bet)
Seat 5: bang4buck111 folded before Flop (didn't bet)
Seat 6: densamara_63 (button) folded before Flop (didn't bet)



PokerStars Hand #222952798575:  Hold'em No Limit ($0.05/$0.10 USD) - 2021/01/23 8:01:28 ET
Table 'Capella II' 6-max Seat #1 is the button
Seat 1: SICKDUCK69 ($14.69 in chips) 
Seat 2: Rahaautomaat ($7.48 in chips) 
Seat 3: Im Grinder ($10.15 in chips) 
Seat 4: ChoasCarlos ($8.70 in chips) 
Seat 5: bang4buck111 ($17.27 in chips) 
Seat 6: densamara_63 ($14.62 in chips) 
Rahaautomaat: posts small blind $0.05
Im Grinder: posts big blind $0.10
*** HOLE CARDS ***
ChoasCarlos: calls $0.10
bang4buck111: folds 
densamara_63: raises $0.30 to $0.40
SICKDUCK69: folds 
Rahaautomaat: calls $0.35
Im Grinder: folds 
ChoasCarlos: calls $0.30
*** FLOP *** [2c Td 5d]
Rahaautomaat: checks 
ChoasCarlos: checks 
densamara_63: bets $0.74
Rahaautomaat: calls $0.74
ChoasCarlos: folds 
*** TURN *** [2c Td 5d] [Kh]
Rahaautomaat: checks 
densamara_63: bets $1.59
Rahaautomaat: folds 
Uncalled bet ($1.59) returned to densamara_63
densamara_63 collected $2.65 from pot
*** SUMMARY ***
Total pot $2.78 | Rake $0.13 
Board [2c Td 5d Kh]
Seat 1: SICKDUCK69 (button) folded before Flop (didn't bet)
Seat 2: Rahaautomaat (small blind) folded on the Turn
Seat 3: Im Grinder (big blind) folded before Flop
Seat 4: ChoasCarlos folded on the Flop
Seat 5: bang4buck111 folded before Flop (didn't bet)
Seat 6: densamara_63 collected ($2.65)



PokerStars Hand #222952821368:  Hold'em No Limit ($0.05/$0.10 USD) - 2021/01/23 8:02:14 ET
Table 'Capella II' 6-max Seat #2 is the button
Seat 1: SICKDUCK69 ($14.69 in chips) 
Seat 2: Rahaautomaat ($6.34 in chips) 
Seat 3: Im Grinder ($10.05 in chips) 
Seat 4: ChoasCarlos ($8.30 in chips) 
Seat 5: bang4buck111 ($17.27 in chips) 
Seat 6: densamara_63 ($16.13 in chips) 
Im Grinder: posts small blind $0.05
ChoasCarlos: posts big blind $0.10
*** HOLE CARDS ***
bang4buck111: raises $0.20 to $0.30
densamara_63: folds 
SICKDUCK69: folds 
Rahaautomaat: folds 
Im Grinder: raises $0.90 to $1.20
ChoasCarlos: folds 
bang4buck111: calls $0.90
*** FLOP *** [Jd Kc 6s]
Im Grinder: bets $0.79
bang4buck111: calls $0.79
*** TURN *** [Jd Kc 6s] [9s]
Im Grinder: bets $2.90
bang4buck111: calls $2.90
*** RIVER *** [Jd Kc 6s 9s] [6h]
Im Grinder: bets $5.16 and is all-in
bang4buck111: folds 
Uncalled bet ($5.16) returned to Im Grinder
Im Grinder collected $9.44 from pot
Im Grinder: doesn't show hand 
*** SUMMARY ***
Total pot $9.88 | Rake $0.44 
Board [Jd Kc 6s 9s 6h]
Seat 1: SICKDUCK69 folded before Flop (didn't bet)
Seat 2: Rahaautomaat (button) folded before Flop (didn't bet)
Seat 3: Im Grinder (small blind) collected ($9.44)
Seat 4: ChoasCarlos (big blind) folded before Flop
Seat 5: bang4buck111 folded on the River
Seat 6: densamara_63 folded before Flop (didn't bet)



PokerStars Hand #222952846521:  Hold'em No Limit ($0.05/$0.10 USD) - 2021/01/23 8:03:19 ET
Table 'Capella II' 6-max Seat #3 is the button
Seat 1: SICKDUCK69 ($14.69 in chips) 
Seat 2: Rahaautomaat ($6.34 in chips) 
Seat 3: Im Grinder ($14.60 in chips) 
Seat 4: ChoasCarlos ($8.20 in chips) 
Seat 5: bang4buck111 ($12.38 in chips) 
Seat 6: densamara_63 ($16.13 in chips) 
ChoasCarlos: posts small blind $0.05
bang4buck111: posts big blind $0.10
*** HOLE CARDS ***
densamara_63: folds 
SICKDUCK69: raises $0.15 to $0.25
Rahaautomaat: folds 
Im Grinder: folds 
ChoasCarlos: calls $0.20
bang4buck111: folds 
*** FLOP *** [8h Qc 9c]
bang4buck111 leaves the table
ChoasCarlos: checks 
SICKDUCK69: bets $0.38
GoodmanAR joins the table at seat #5 
ChoasCarlos: calls $0.38
*** TURN *** [8h Qc 9c] [Ac]
ChoasCarlos: checks 
SICKDUCK69: checks 
*** RIVER *** [8h Qc 9c Ac] [3h]
ChoasCarlos: bets $0.70
SICKDUCK69: raises $1.78 to $2.48
ChoasCarlos: folds 
Uncalled bet ($1.78) returned to SICKDUCK69
SICKDUCK69 collected $2.64 from pot
SICKDUCK69: doesn't show hand 
*** SUMMARY ***
Total pot $2.76 | Rake $0.12 
Board [8h Qc 9c Ac 3h]
Seat 1: SICKDUCK69 collected ($2.64)
Seat 2: Rahaautomaat folded before Flop (didn't bet)
Seat 3: Im Grinder (button) folded before Flop (didn't bet)
Seat 4: ChoasCarlos (small blind) folded on the River
Seat 5: bang4buck111 (big blind) folded before Flop
Seat 6: densamara_63 folded before Flop (didn't bet)



PokerStars Hand #222952868200:  Hold'em No Limit ($0.05/$0.10 USD) - 2021/01/23 8:04:13 ET
Table 'Capella II' 6-max Seat #4 is the button
Seat 1: SICKDUCK69 ($16 in chips) 
Seat 2: Rahaautomaat ($6.34 in chips) 
Seat 3: Im Grinder ($14.60 in chips) 
Seat 4: ChoasCarlos ($6.87 in chips) 
Seat 6: densamara_63 ($16.13 in chips) 
densamara_63: posts small blind $0.05
SICKDUCK69: posts big blind $0.10
*** HOLE CARDS ***
Rahaautomaat: calls $0.10
Im Grinder: folds 
ChoasCarlos: folds 
densamara_63: folds 
SICKDUCK69: checks 
*** FLOP *** [8d 6c Td]
SICKDUCK69: checks 
Rahaautomaat: checks 
*** TURN *** [8d 6c Td] [Qh]
SICKDUCK69: checks 
Rahaautomaat: bets $0.24
SICKDUCK69: calls $0.24
*** RIVER *** [8d 6c Td Qh] [Kd]
SICKDUCK69: checks 
Rahaautomaat: checks 
*** SHOW DOWN ***
SICKDUCK69: shows [Ah 9d] (high card Ace)
Rahaautomaat: mucks hand 
SICKDUCK69 collected $0.70 from pot
*** SUMMARY ***
Total pot $0.73 | Rake $0.03 
Board [8d 6c Td Qh Kd]
Seat 1: SICKDUCK69 (big blind) showed [Ah 9d] and won ($0.70) with high card Ace
Seat 2: Rahaautomaat mucked
Seat 3: Im Grinder folded before Flop (didn't bet)
Seat 4: ChoasCarlos (button) folded before Flop (didn't bet)
Seat 6: densamara_63 (small blind) folded before Flop



PokerStars Hand #222952882713:  Hold'em No Limit ($0.05/$0.10 USD) - 2021/01/23 8:04:49 ET
Table 'Capella II' 6-max Seat #6 is the button
Seat 1: SICKDUCK69 ($16.36 in chips) 
Seat 2: Rahaautomaat ($6 in chips) 
Seat 3: Im Grinder ($14.60 in chips) 
Seat 4: ChoasCarlos ($7.05 in chips) 
Seat 6: densamara_63 ($16.08 in chips) 
SICKDUCK69: posts small blind $0.05
Rahaautomaat: posts big blind $0.10
GoodmanAR: sits out 
*** HOLE CARDS ***
Im Grinder: folds 
ChoasCarlos: folds 
densamara_63: folds 
SICKDUCK69: folds 
Uncalled bet ($0.05) returned to Rahaautomaat
Rahaautomaat collected $0.10 from pot
Rahaautomaat: doesn't show hand 
*** SUMMARY ***
Total pot $0.10 | Rake $0 
Seat 1: SICKDUCK69 (small blind) folded before Flop
Seat 2: Rahaautomaat (big blind) collected ($0.10)
Seat 3: Im Grinder folded before Flop (didn't bet)
Seat 4: ChoasCarlos folded before Flop (didn't bet)
Seat 6: densamara_63 (button) folded before Flop (didn't bet)



PokerStars Hand #222952888696:  Hold'em No Limit ($0.05/$0.10 USD) - 2021/01/23 8:05:04 ET
Table 'Capella II' 6-max Seat #1 is the button
Seat 1: SICKDUCK69 ($16.31 in chips) 
Seat 2: Rahaautomaat ($6.05 in chips) 
Seat 3: Im Grinder ($14.60 in chips) 
Seat 4: ChoasCarlos ($7.05 in chips) 
Seat 6: densamara_63 ($16.08 in chips) 
Rahaautomaat: posts small blind $0.05
Im Grinder: posts big blind $0.10
GoodmanAR: sits out 
*** HOLE CARDS ***
ChoasCarlos: calls $0.10
densamara_63: folds 
SICKDUCK69: calls $0.10
Rahaautomaat: folds 
Im Grinder: checks 
*** FLOP *** [Ad 3d 7s]
Im Grinder: checks 
ChoasCarlos: checks 
SICKDUCK69: bets $0.22
Im Grinder: folds 
ChoasCarlos: calls $0.22
*** TURN *** [Ad 3d 7s] [Kh]
ChoasCarlos: checks 
SICKDUCK69: bets $0.50
ChoasCarlos: folds 
Uncalled bet ($0.50) returned to SICKDUCK69
SICKDUCK69 collected $0.75 from pot
SICKDUCK69: doesn't show hand 
*** SUMMARY ***
Total pot $0.79 | Rake $0.04 
Board [Ad 3d 7s Kh]
Seat 1: SICKDUCK69 (button) collected ($0.75)
Seat 2: Rahaautomaat (small blind) folded before Flop
Seat 3: Im Grinder (big blind) folded on the Flop
Seat 4: ChoasCarlos folded on the Turn
Seat 6: densamara_63 folded before Flop (didn't bet)



PokerStars Hand #222952903506:  Hold'em No Limit ($0.05/$0.10 USD) - 2021/01/23 8:05:41 ET
Table 'Capella II' 6-max Seat #2 is the button
Seat 1: SICKDUCK69 ($16.74 in chips) 
Seat 2: Rahaautomaat ($6 in chips) 
Seat 3: Im Grinder ($14.50 in chips) 
Seat 4: ChoasCarlos ($6.73 in chips) 
Seat 6: densamara_63 ($16.08 in chips) 
Im Grinder: posts small blind $0.05
ChoasCarlos: posts big blind $0.10
GoodmanAR: sits out 
*** HOLE CARDS ***
densamara_63: folds 
SICKDUCK69: folds 
Rahaautomaat: calls $0.10
Im Grinder: folds 
ChoasCarlos: checks 
*** FLOP *** [4d 8s Ac]
ChoasCarlos: checks 
Rahaautomaat: checks 
*** TURN *** [4d 8s Ac] [Jh]
ChoasCarlos: checks 
Rahaautomaat: bets $0.24
ChoasCarlos: calls $0.24
*** RIVER *** [4d 8s Ac Jh] [6c]
ChoasCarlos: checks 
Rahaautomaat: checks 
*** SHOW DOWN ***
ChoasCarlos: shows [Jc 2s] (a pair of Jacks)
Rahaautomaat: mucks hand 
ChoasCarlos collected $0.70 from pot
*** SUMMARY ***
Total pot $0.73 | Rake $0.03 
Board [4d 8s Ac Jh 6c]
Seat 1: SICKDUCK69 folded before Flop (didn't bet)
Seat 2: Rahaautomaat (button) mucked
Seat 3: Im Grinder (small blind) folded before Flop
Seat 4: ChoasCarlos (big blind) showed [Jc 2s] and won ($0.70) with a pair of Jacks
Seat 6: densamara_63 folded before Flop (didn't bet)



PokerStars Hand #222952915032:  Hold'em No Limit ($0.05/$0.10 USD) - 2021/01/23 8:06:09 ET
Table 'Capella II' 6-max Seat #3 is the button
Seat 1: SICKDUCK69 ($16.74 in chips) 
Seat 2: Rahaautomaat ($5.66 in chips) 
Seat 3: Im Grinder ($14.45 in chips) 
Seat 4: ChoasCarlos ($7.09 in chips) 
Seat 5: GoodmanAR ($10 in chips) 
Seat 6: densamara_63 ($16.08 in chips) 
ChoasCarlos: posts small blind $0.05
GoodmanAR: posts big blind $0.10
*** HOLE CARDS ***
densamara_63: folds 
SICKDUCK69: folds 
Rahaautomaat: calls $0.10
Im Grinder: folds 
ChoasCarlos: calls $0.05
GoodmanAR: checks 
*** FLOP *** [Jh Kc 4s]
ChoasCarlos: checks 
GoodmanAR: checks 
Rahaautomaat: checks 
*** TURN *** [Jh Kc 4s] [6h]
ChoasCarlos: checks 
GoodmanAR: checks 
Rahaautomaat: checks 
*** RIVER *** [Jh Kc 4s 6h] [As]
ChoasCarlos: checks 
GoodmanAR: checks 
Rahaautomaat: checks 
*** SHOW DOWN ***
ChoasCarlos: shows [3c Tc] (high card Ace)
GoodmanAR: mucks hand 
Rahaautomaat: shows [9c Ts] (high card Ace - King+Jack+Ten+Nine kicker)
Rahaautomaat collected $0.29 from pot
*** SUMMARY ***
Total pot $0.30 | Rake $0.01 
Board [Jh Kc 4s 6h As]
Seat 1: SICKDUCK69 folded before Flop (didn't bet)
Seat 2: Rahaautomaat showed [9c Ts] and won ($0.29) with high card Ace
Seat 3: Im Grinder (button) folded before Flop (didn't bet)
Seat 4: ChoasCarlos (small blind) showed [3c Tc] and lost with high card Ace
Seat 5: GoodmanAR (big blind) mucked
Seat 6: densamara_63 folded before Flop (didn't bet)



PokerStars Hand #222952933552:  Hold'em No Limit ($0.05/$0.10 USD) - 2021/01/23 8:06:55 ET
Table 'Capella II' 6-max Seat #4 is the button
Seat 1: SICKDUCK69 ($16.74 in chips) 
Seat 2: Rahaautomaat ($5.85 in chips) 
Seat 3: Im Grinder ($14.45 in chips) 
Seat 4: ChoasCarlos ($6.99 in chips) 
Seat 5: GoodmanAR ($10 in chips) 
Seat 6: densamara_63 ($16.08 in chips) 
GoodmanAR: posts small blind $0.05
densamara_63: posts big blind $0.10
*** HOLE CARDS ***
SICKDUCK69: folds 
Rahaautomaat: folds 
Im Grinder: folds 
ChoasCarlos: raises $0.10 to $0.20
GoodmanAR: folds 
densamara_63: folds 
Uncalled bet ($0.10) returned to ChoasCarlos
ChoasCarlos collected $0.25 from pot
*** SUMMARY ***
Total pot $0.25 | Rake $0 
Seat 1: SICKDUCK69 folded before Flop (didn't bet)
Seat 2: Rahaautomaat folded before Flop (didn't bet)
Seat 3: Im Grinder folded before Flop (didn't bet)
Seat 4: ChoasCarlos (button) collected ($0.25)
Seat 5: GoodmanAR (small blind) folded before Flop
Seat 6: densamara_63 (big blind) folded before Flop



PokerStars Hand #222952945726:  Hold'em No Limit ($0.05/$0.10 USD) - 2021/01/23 8:07:25 ET
Table 'Capella II' 6-max Seat #5 is the button
Seat 1: SICKDUCK69 ($16.74 in chips) 
Seat 2: Rahaautomaat ($5.85 in chips) 
Seat 3: Im Grinder ($14.45 in chips) 
Seat 4: ChoasCarlos ($7.14 in chips) 
Seat 5: GoodmanAR ($10 in chips) 
Seat 6: densamara_63 ($15.98 in chips) 
densamara_63: posts small blind $0.05
SICKDUCK69: posts big blind $0.10
*** HOLE CARDS ***
Rahaautomaat: folds 
Im Grinder: folds 
ChoasCarlos: calls $0.10
GoodmanAR: folds 
densamara_63: folds 
SICKDUCK69: checks 
*** FLOP *** [3c 9s 7s]
SICKDUCK69: checks 
ChoasCarlos: checks 
*** TURN *** [3c 9s 7s] [Jd]
SICKDUCK69: checks 
ChoasCarlos: checks 
*** RIVER *** [3c 9s 7s Jd] [As]
SICKDUCK69: checks 
ChoasCarlos: bets $0.10
SICKDUCK69: calls $0.10
*** SHOW DOWN ***
ChoasCarlos: shows [Ad Td] (a pair of Aces)
SICKDUCK69: mucks hand 
ChoasCarlos collected $0.43 from pot
*** SUMMARY ***
Total pot $0.45 | Rake $0.02 
Board [3c 9s 7s Jd As]
Seat 1: SICKDUCK69 (big blind) mucked
Seat 2: Rahaautomaat folded before Flop (didn't bet)
Seat 3: Im Grinder folded before Flop (didn't bet)
Seat 4: ChoasCarlos showed [Ad Td] and won ($0.43) with a pair of Aces
Seat 5: GoodmanAR (button) folded before Flop (didn't bet)
Seat 6: densamara_63 (small blind) folded before Flop



PokerStars Hand #222952959364:  Hold'em No Limit ($0.05/$0.10 USD) - 2021/01/23 8:07:59 ET
Table 'Capella II' 6-max Seat #6 is the button
Seat 1: SICKDUCK69 ($16.54 in chips) 
Seat 2: Rahaautomaat ($5.85 in chips) 
Seat 3: Im Grinder ($14.45 in chips) 
Seat 4: ChoasCarlos ($7.37 in chips) 
Seat 5: GoodmanAR ($10 in chips) 
Seat 6: densamara_63 ($15.93 in chips) 
SICKDUCK69: posts small blind $0.05
Rahaautomaat: posts big blind $0.10
*** HOLE CARDS ***
Im Grinder: folds 
ChoasCarlos: raises $0.10 to $0.20
GoodmanAR: folds 
densamara_63: folds 
SICKDUCK69: raises $0.10 to $0.30
Rahaautomaat: calls $0.20
ChoasCarlos: calls $0.10
*** FLOP *** [Qs 3h 4h]
SICKDUCK69: bets $0.29
Rahaautomaat: calls $0.29
ChoasCarlos: folds 
*** TURN *** [Qs 3h 4h] [Jd]
SICKDUCK69: bets $0.48
Rahaautomaat: calls $0.48
*** RIVER *** [Qs 3h 4h Jd] [3s]
SICKDUCK69: bets $0.79
Rahaautomaat: folds 
Uncalled bet ($0.79) returned to SICKDUCK69
SICKDUCK69 collected $2.33 from pot
SICKDUCK69: shows [Th 2s]
*** SUMMARY ***
Total pot $2.44 | Rake $0.11 
Board [Qs 3h 4h Jd 3s]
Seat 1: SICKDUCK69 (small blind) collected ($2.33)
Seat 2: Rahaautomaat (big blind) folded on the River
Seat 3: Im Grinder folded before Flop (didn't bet)
Seat 4: ChoasCarlos folded on the Flop
Seat 5: GoodmanAR folded before Flop (didn't bet)
Seat 6: densamara_63 (button) folded before Flop (didn't bet)



PokerStars Hand #222952982565:  Hold'em No Limit ($0.05/$0.10 USD) - 2021/01/23 8:08:56 ET
Table 'Capella II' 6-max Seat #1 is the button
Seat 1: SICKDUCK69 ($17.80 in chips) 
Seat 2: Rahaautomaat ($4.78 in chips) 
Seat 3: Im Grinder ($14.45 in chips) 
Seat 4: ChoasCarlos ($7.07 in chips) 
Seat 5: GoodmanAR ($10 in chips) 
Seat 6: densamara_63 ($15.93 in chips) 
Rahaautomaat: posts small blind $0.05
Im Grinder: posts big blind $0.10
*** HOLE CARDS ***
ChoasCarlos: folds 
GoodmanAR: raises $0.20 to $0.30
densamara_63: folds 
SICKDUCK69: folds 
Rahaautomaat: calls $0.25
Im Grinder: folds 
*** FLOP *** [8s Ad 9s]
Rahaautomaat: checks 
GoodmanAR: bets $0.37
Rahaautomaat: folds 
Uncalled bet ($0.37) returned to GoodmanAR
GoodmanAR collected $0.67 from pot
GoodmanAR: doesn't show hand 
*** SUMMARY ***
Total pot $0.70 | Rake $0.03 
Board [8s Ad 9s]
Seat 1: SICKDUCK69 (button) folded before Flop (didn't bet)
Seat 2: Rahaautomaat (small blind) folded on the Flop
Seat 3: Im Grinder (big blind) folded before Flop
Seat 4: ChoasCarlos folded before Flop (didn't bet)
Seat 5: GoodmanAR collected ($0.67)
Seat 6: densamara_63 folded before Flop (didn't bet)



PokerStars Hand #222952996406:  Hold'em No Limit ($0.05/$0.10 USD) - 2021/01/23 8:09:29 ET
Table 'Capella II' 6-max Seat #2 is the button
Seat 1: SICKDUCK69 ($17.80 in chips) 
Seat 2: Rahaautomaat ($4.48 in chips) 
Seat 3: Im Grinder ($14.35 in chips) 
Seat 4: ChoasCarlos ($7.07 in chips) 
Seat 5: GoodmanAR ($10.37 in chips) 
Seat 6: densamara_63 ($15.93 in chips) 
Im Grinder: posts small blind $0.05
ChoasCarlos: posts big blind $0.10
*** HOLE CARDS ***
GoodmanAR: folds 
densamara_63: folds 
SICKDUCK69: folds 
Rahaautomaat: folds 
Im Grinder: folds 
Uncalled bet ($0.05) returned to ChoasCarlos
ChoasCarlos collected $0.10 from pot
*** SUMMARY ***
Total pot $0.10 | Rake $0 
Seat 1: SICKDUCK69 folded before Flop (didn't bet)
Seat 2: Rahaautomaat (button) folded before Flop (didn't bet)
Seat 3: Im Grinder (small blind) folded before Flop
Seat 4: ChoasCarlos (big blind) collected ($0.10)
Seat 5: GoodmanAR folded before Flop (didn't bet)
Seat 6: densamara_63 folded before Flop (didn't bet)



PokerStars Hand #222953003123:  Hold'em No Limit ($0.05/$0.10 USD) - 2021/01/23 8:09:46 ET
Table 'Capella II' 6-max Seat #3 is the button
Seat 1: SICKDUCK69 ($17.80 in chips) 
Seat 2: Rahaautomaat ($4.48 in chips) 
Seat 3: Im Grinder ($14.30 in chips) 
Seat 4: ChoasCarlos ($7.12 in chips) 
Seat 5: GoodmanAR ($10.37 in chips) 
Seat 6: densamara_63 ($15.93 in chips) 
ChoasCarlos: posts small blind $0.05
GoodmanAR: posts big blind $0.10
*** HOLE CARDS ***
densamara_63: folds 
SICKDUCK69: folds 
Rahaautomaat: raises $0.20 to $0.30
Im Grinder: folds 
ChoasCarlos: folds 
GoodmanAR: folds 
Uncalled bet ($0.20) returned to Rahaautomaat
Rahaautomaat collected $0.25 from pot
Rahaautomaat: doesn't show hand 
*** SUMMARY ***
Total pot $0.25 | Rake $0 
Seat 1: SICKDUCK69 folded before Flop (didn't bet)
Seat 2: Rahaautomaat collected ($0.25)
Seat 3: Im Grinder (button) folded before Flop (didn't bet)
Seat 4: ChoasCarlos (small blind) folded before Flop
Seat 5: GoodmanAR (big blind) folded before Flop
Seat 6: densamara_63 folded before Flop (didn't bet)



PokerStars Hand #222953007274:  Hold'em No Limit ($0.05/$0.10 USD) - 2021/01/23 8:09:56 ET
Table 'Capella II' 6-max Seat #4 is the button
Seat 1: SICKDUCK69 ($17.80 in chips) 
Seat 2: Rahaautomaat ($4.63 in chips) 
Seat 3: Im Grinder ($14.30 in chips) 
Seat 4: ChoasCarlos ($7.07 in chips) 
Seat 5: GoodmanAR ($10.27 in chips) 
Seat 6: densamara_63 ($15.93 in chips) 
GoodmanAR: posts small blind $0.05
densamara_63: posts big blind $0.10
*** HOLE CARDS ***
SICKDUCK69: calls $0.10
Rahaautomaat: folds 
Im Grinder: folds 
ChoasCarlos: raises $0.35 to $0.45
GoodmanAR: folds 
densamara_63: folds 
SICKDUCK69: calls $0.35
*** FLOP *** [Tc Kc Qc]
SICKDUCK69: checks 
ChoasCarlos: bets $0.50
SICKDUCK69: calls $0.50
*** TURN *** [Tc Kc Qc] [8c]
SICKDUCK69: checks 
ChoasCarlos: bets $0.78
SICKDUCK69: calls $0.78
*** RIVER *** [Tc Kc Qc 8c] [6h]
SICKDUCK69: checks 
ChoasCarlos: bets $2.92
SICKDUCK69: folds 
Uncalled bet ($2.92) returned to ChoasCarlos
ChoasCarlos collected $3.45 from pot
*** SUMMARY ***
Total pot $3.61 | Rake $0.16 
Board [Tc Kc Qc 8c 6h]
Seat 1: SICKDUCK69 folded on the River
Seat 2: Rahaautomaat folded before Flop (didn't bet)
Seat 3: Im Grinder folded before Flop (didn't bet)
Seat 4: ChoasCarlos (button) collected ($3.45)
Seat 5: GoodmanAR (small blind) folded before Flop
Seat 6: densamara_63 (big blind) folded before Flop



PokerStars Hand #222953035721:  Hold'em No Limit ($0.05/$0.10 USD) - 2021/01/23 8:11:06 ET
Table 'Capella II' 6-max Seat #5 is the button
Seat 1: SICKDUCK69 ($16.07 in chips) 
Seat 3: Im Grinder ($14.30 in chips) 
Seat 4: ChoasCarlos ($8.79 in chips) 
Seat 5: GoodmanAR ($10.22 in chips) 
Seat 6: densamara_63 ($15.83 in chips) 
densamara_63: posts small blind $0.05
SICKDUCK69: posts big blind $0.10
*** HOLE CARDS ***
Im Grinder: raises $0.20 to $0.30
ChoasCarlos: folds 
GoodmanAR: raises $0.60 to $0.90
densamara_63: folds 
SICKDUCK69: folds 
Im Grinder: folds 
Uncalled bet ($0.60) returned to GoodmanAR
GoodmanAR collected $0.75 from pot
GoodmanAR: doesn't show hand 
*** SUMMARY ***
Total pot $0.75 | Rake $0 
Seat 1: SICKDUCK69 (big blind) folded before Flop
Seat 3: Im Grinder folded before Flop
Seat 4: ChoasCarlos folded before Flop (didn't bet)
Seat 5: GoodmanAR (button) collected ($0.75)
Seat 6: densamara_63 (small blind) folded before Flop



PokerStars Hand #222953046974:  Hold'em No Limit ($0.05/$0.10 USD) - 2021/01/23 8:11:34 ET
Table 'Capella II' 6-max Seat #6 is the button
Seat 1: SICKDUCK69 ($15.97 in chips) 
Seat 3: Im Grinder ($14 in chips) 
Seat 4: ChoasCarlos ($8.79 in chips) 
Seat 5: GoodmanAR ($10.67 in chips) 
Seat 6: densamara_63 ($15.78 in chips) 
SICKDUCK69: posts small blind $0.05
Im Grinder: posts big blind $0.10
*** HOLE CARDS ***
ChoasCarlos: folds 
GoodmanAR: folds 
densamara_63: raises $0.17 to $0.27
SICKDUCK69: folds 
Im Grinder: folds 
Uncalled bet ($0.17) returned to densamara_63
densamara_63 collected $0.25 from pot
*** SUMMARY ***
Total pot $0.25 | Rake $0 
Seat 1: SICKDUCK69 (small blind) folded before Flop
Seat 3: Im Grinder (big blind) folded before Flop
Seat 4: ChoasCarlos folded before Flop (didn't bet)
Seat 5: GoodmanAR folded before Flop (didn't bet)
Seat 6: densamara_63 (button) collected ($0.25)



PokerStars Hand #222953052696:  Hold'em No Limit ($0.05/$0.10 USD) - 2021/01/23 8:11:47 ET
Table 'Capella II' 6-max Seat #1 is the button
Seat 1: SICKDUCK69 ($15.92 in chips) 
Seat 3: Im Grinder ($13.90 in chips) 
Seat 4: ChoasCarlos ($8.79 in chips) 
Seat 5: GoodmanAR ($10.67 in chips) 
Seat 6: densamara_63 ($15.93 in chips) 
Im Grinder: posts small blind $0.05
ChoasCarlos: posts big blind $0.10
*** HOLE CARDS ***
GoodmanAR: folds 
densamara_63: raises $0.20 to $0.30
SICKDUCK69: calls $0.30
Im Grinder: folds 
ChoasCarlos: folds 
*** FLOP *** [Ts 4c 7s]
densamara_63: checks 
SICKDUCK69: bets $0.48
densamara_63: calls $0.48
*** TURN *** [Ts 4c 7s] [9s]
densamara_63: checks 
SICKDUCK69: checks 
*** RIVER *** [Ts 4c 7s 9s] [7d]
densamara_63: bets $0.57
SICKDUCK69: raises $1.83 to $2.40
densamara_63: folds 
Uncalled bet ($1.83) returned to SICKDUCK69
SICKDUCK69 collected $2.72 from pot
SICKDUCK69: doesn't show hand 
*** SUMMARY ***
Total pot $2.85 | Rake $0.13 
Board [Ts 4c 7s 9s 7d]
Seat 1: SICKDUCK69 (button) collected ($2.72)
Seat 3: Im Grinder (small blind) folded before Flop
Seat 4: ChoasCarlos (big blind) folded before Flop
Seat 5: GoodmanAR folded before Flop (didn't bet)
Seat 6: densamara_63 folded on the River



PokerStars Hand #222953077564:  Hold'em No Limit ($0.05/$0.10 USD) - 2021/01/23 8:12:48 ET
Table 'Capella II' 6-max Seat #3 is the button
Seat 1: SICKDUCK69 ($17.29 in chips) 
Seat 3: Im Grinder ($13.85 in chips) 
Seat 4: ChoasCarlos ($8.69 in chips) 
Seat 5: GoodmanAR ($10.67 in chips) 
Seat 6: densamara_63 ($14.58 in chips) 
ChoasCarlos: posts small blind $0.05
GoodmanAR: posts big blind $0.10
*** HOLE CARDS ***
densamara_63: folds 
SICKDUCK69: folds 
Im Grinder: folds 
ChoasCarlos: raises $0.20 to $0.30
GoodmanAR: folds 
Uncalled bet ($0.20) returned to ChoasCarlos
ChoasCarlos collected $0.20 from pot
*** SUMMARY ***
Total pot $0.20 | Rake $0 
Seat 1: SICKDUCK69 folded before Flop (didn't bet)
Seat 3: Im Grinder (button) folded before Flop (didn't bet)
Seat 4: ChoasCarlos (small blind) collected ($0.20)
Seat 5: GoodmanAR (big blind) folded before Flop
Seat 6: densamara_63 folded before Flop (didn't bet)



PokerStars Hand #222953083985:  Hold'em No Limit ($0.05/$0.10 USD) - 2021/01/23 8:13:03 ET
Table 'Capella II' 6-max Seat #4 is the button
Seat 1: SICKDUCK69 ($17.29 in chips) 
Seat 3: Im Grinder ($13.85 in chips) 
Seat 4: ChoasCarlos ($8.79 in chips) 
Seat 5: GoodmanAR ($10.57 in chips) 
Seat 6: densamara_63 ($14.58 in chips) 
GoodmanAR: posts small blind $0.05
densamara_63: posts big blind $0.10
*** HOLE CARDS ***
SICKDUCK69: folds 
Im Grinder: folds 
ChoasCarlos: raises $0.20 to $0.30
GoodmanAR: raises $0.90 to $1.20
densamara_63: folds 
ChoasCarlos: folds 
Uncalled bet ($0.90) returned to GoodmanAR
GoodmanAR collected $0.70 from pot
GoodmanAR: doesn't show hand 
*** SUMMARY ***
Total pot $0.70 | Rake $0 
Seat 1: SICKDUCK69 folded before Flop (didn't bet)
Seat 3: Im Grinder folded before Flop (didn't bet)
Seat 4: ChoasCarlos (button) folded before Flop
Seat 5: GoodmanAR (small blind) collected ($0.70)
Seat 6: densamara_63 (big blind) folded before Flop



PokerStars Hand #222953089955:  Hold'em No Limit ($0.05/$0.10 USD) - 2021/01/23 8:13:18 ET
Table 'Capella II' 6-max Seat #5 is the button
Seat 1: SICKDUCK69 ($17.29 in chips) 
Seat 3: Im Grinder ($13.85 in chips) 
Seat 4: ChoasCarlos ($8.49 in chips) 
Seat 5: GoodmanAR ($10.97 in chips) 
Seat 6: densamara_63 ($14.48 in chips) 
densamara_63: posts small blind $0.05
SICKDUCK69: posts big blind $0.10
*** HOLE CARDS ***
Im Grinder: folds 
ChoasCarlos: folds 
GoodmanAR: folds 
densamara_63: raises $0.17 to $0.27
SICKDUCK69: raises $0.83 to $1.10
densamara_63: folds 
Uncalled bet ($0.83) returned to SICKDUCK69
SICKDUCK69 collected $0.54 from pot
SICKDUCK69: doesn't show hand 
*** SUMMARY ***
Total pot $0.54 | Rake $0 
Seat 1: SICKDUCK69 (big blind) collected ($0.54)
Seat 3: Im Grinder folded before Flop (didn't bet)
Seat 4: ChoasCarlos folded before Flop (didn't bet)
Seat 5: GoodmanAR (button) folded before Flop (didn't bet)
Seat 6: densamara_63 (small blind) folded before Flop



PokerStars Hand #222953101028:  Hold'em No Limit ($0.05/$0.10 USD) - 2021/01/23 8:13:45 ET
Table 'Capella II' 6-max Seat #6 is the button
Seat 1: SICKDUCK69 ($17.56 in chips) 
Seat 3: Im Grinder ($13.85 in chips) 
Seat 4: ChoasCarlos ($8.49 in chips) 
Seat 5: GoodmanAR ($10.97 in chips) 
Seat 6: densamara_63 ($14.21 in chips) 
SICKDUCK69: posts small blind $0.05
Im Grinder: posts big blind $0.10
*** HOLE CARDS ***
ChoasCarlos: folds 
GoodmanAR: raises $0.20 to $0.30
densamara_63: folds 
SICKDUCK69: folds 
Im Grinder: folds 
Uncalled bet ($0.20) returned to GoodmanAR
GoodmanAR collected $0.25 from pot
GoodmanAR: doesn't show hand 
*** SUMMARY ***
Total pot $0.25 | Rake $0 
Seat 1: SICKDUCK69 (small blind) folded before Flop
Seat 3: Im Grinder (big blind) folded before Flop
Seat 4: ChoasCarlos folded before Flop (didn't bet)
Seat 5: GoodmanAR collected ($0.25)
Seat 6: densamara_63 (button) folded before Flop (didn't bet)



PokerStars Hand #222953106941:  Hold'em No Limit ($0.05/$0.10 USD) - 2021/01/23 8:13:59 ET
Table 'Capella II' 6-max Seat #1 is the button
Seat 1: SICKDUCK69 ($17.51 in chips) 
Seat 3: Im Grinder ($13.75 in chips) 
Seat 4: ChoasCarlos ($8.49 in chips) 
Seat 5: GoodmanAR ($11.12 in chips) 
Seat 6: densamara_63 ($14.21 in chips) 
Im Grinder: posts small blind $0.05
ChoasCarlos: posts big blind $0.10
*** HOLE CARDS ***
GoodmanAR: raises $0.20 to $0.30
densamara_63: calls $0.30
SICKDUCK69: folds 
Im Grinder: raises $1.20 to $1.50
ChoasCarlos: folds 
GoodmanAR: folds 
densamara_63: folds 
Uncalled bet ($1.20) returned to Im Grinder
Im Grinder collected $1 from pot
Im Grinder: doesn't show hand 
*** SUMMARY ***
Total pot $1 | Rake $0 
Seat 1: SICKDUCK69 (button) folded before Flop (didn't bet)
Seat 3: Im Grinder (small blind) collected ($1)
Seat 4: ChoasCarlos (big blind) folded before Flop
Seat 5: GoodmanAR folded before Flop
Seat 6: densamara_63 folded before Flop



PokerStars Hand #222953116721:  Hold'em No Limit ($0.05/$0.10 USD) - 2021/01/23 8:14:23 ET
Table 'Capella II' 6-max Seat #3 is the button
Seat 1: SICKDUCK69 ($17.51 in chips) 
Seat 3: Im Grinder ($14.45 in chips) 
Seat 4: ChoasCarlos ($8.39 in chips) 
Seat 5: GoodmanAR ($10.82 in chips) 
Seat 6: densamara_63 ($13.91 in chips) 
ChoasCarlos: posts small blind $0.05
GoodmanAR: posts big blind $0.10
*** HOLE CARDS ***
densamara_63: folds 
SICKDUCK69: raises $0.15 to $0.25
Im Grinder: folds 
ChoasCarlos: calls $0.20
GoodmanAR: folds 
*** FLOP *** [3h As 8h]
ChoasCarlos: checks 
SICKDUCK69: bets $0.38
ChoasCarlos: folds 
Uncalled bet ($0.38) returned to SICKDUCK69
SICKDUCK69 collected $0.57 from pot
SICKDUCK69: doesn't show hand 
*** SUMMARY ***
Total pot $0.60 | Rake $0.03 
Board [3h As 8h]
Seat 1: SICKDUCK69 collected ($0.57)
Seat 3: Im Grinder (button) folded before Flop (didn't bet)
Seat 4: ChoasCarlos (small blind) folded on the Flop
Seat 5: GoodmanAR (big blind) folded before Flop
Seat 6: densamara_63 folded before Flop (didn't bet)



PokerStars Hand #222953130502:  Hold'em No Limit ($0.05/$0.10 USD) - 2021/01/23 8:14:57 ET
Table 'Capella II' 6-max Seat #4 is the button
Seat 1: SICKDUCK69 ($17.83 in chips) 
Seat 3: Im Grinder ($14.45 in chips) 
Seat 4: ChoasCarlos ($8.14 in chips) 
Seat 5: GoodmanAR ($10.72 in chips) 
Seat 6: densamara_63 ($13.91 in chips) 
GoodmanAR: posts small blind $0.05
densamara_63: posts big blind $0.10
*** HOLE CARDS ***
SICKDUCK69: folds 
Im Grinder: folds 
ChoasCarlos: calls $0.10
GoodmanAR: folds 
densamara_63: checks 
*** FLOP *** [7h 9h 2c]
densamara_63: checks 
ChoasCarlos: bets $0.12
densamara_63: folds 
Uncalled bet ($0.12) returned to ChoasCarlos
ChoasCarlos collected $0.24 from pot
*** SUMMARY ***
Total pot $0.25 | Rake $0.01 
Board [7h 9h 2c]
Seat 1: SICKDUCK69 folded before Flop (didn't bet)
Seat 3: Im Grinder folded before Flop (didn't bet)
Seat 4: ChoasCarlos (button) collected ($0.24)
Seat 5: GoodmanAR (small blind) folded before Flop
Seat 6: densamara_63 (big blind) folded on the Flop



PokerStars Hand #222953138413:  Hold'em No Limit ($0.05/$0.10 USD) - 2021/01/23 8:15:16 ET
Table 'Capella II' 6-max Seat #5 is the button
Seat 1: SICKDUCK69 ($17.83 in chips) 
Seat 3: Im Grinder ($14.45 in chips) 
Seat 4: ChoasCarlos ($8.28 in chips) 
Seat 5: GoodmanAR ($10.67 in chips) 
Seat 6: densamara_63 ($13.81 in chips) 
densamara_63: posts small blind $0.05
SICKDUCK69: posts big blind $0.10
*** HOLE CARDS ***
Im Grinder: raises $0.20 to $0.30
ChoasCarlos: calls $0.30
GoodmanAR: folds 
densamara_63: folds 
SICKDUCK69: calls $0.20
*** FLOP *** [9c 3d Jc]
SICKDUCK69: checks 
Im Grinder: checks 
ChoasCarlos: checks 
*** TURN *** [9c 3d Jc] [3c]
SICKDUCK69: checks 
Im Grinder: checks 
ChoasCarlos: checks 
*** RIVER *** [9c 3d Jc 3c] [9d]
SICKDUCK69: checks 
Im Grinder: checks 
ChoasCarlos: checks 
*** SHOW DOWN ***
SICKDUCK69: shows [Ac 4d] (two pair, Nines and Threes)
Im Grinder: shows [7s 7h] (two pair, Nines and Sevens)
ChoasCarlos: mucks hand 
Im Grinder collected $0.91 from pot
*** SUMMARY ***
Total pot $0.95 | Rake $0.04 
Board [9c 3d Jc 3c 9d]
Seat 1: SICKDUCK69 (big blind) showed [Ac 4d] and lost with two pair, Nines and Threes
Seat 3: Im Grinder showed [7s 7h] and won ($0.91) with two pair, Nines and Sevens
Seat 4: ChoasCarlos mucked
Seat 5: GoodmanAR (button) folded before Flop (didn't bet)
Seat 6: densamara_63 (small blind) folded before Flop



PokerStars Hand #222953154487:  Hold'em No Limit ($0.05/$0.10 USD) - 2021/01/23 8:15:55 ET
Table 'Capella II' 6-max Seat #6 is the button
Seat 1: SICKDUCK69 ($17.53 in chips) 
Seat 3: Im Grinder ($15.06 in chips) 
Seat 4: ChoasCarlos ($7.98 in chips) 
Seat 5: GoodmanAR ($10.67 in chips) 
Seat 6: densamara_63 ($13.76 in chips) 
SICKDUCK69: posts small blind $0.05
Im Grinder: posts big blind $0.10
*** HOLE CARDS ***
ChoasCarlos: calls $0.10
GoodmanAR: folds 
densamara_63: raises $0.20 to $0.30
SICKDUCK69: folds 
Im Grinder: folds 
ChoasCarlos: calls $0.20
*** FLOP *** [7h Td 7s]
ChoasCarlos: checks 
densamara_63: bets $0.25
ChoasCarlos: calls $0.25
*** TURN *** [7h Td 7s] [Qc]
ChoasCarlos: checks 
densamara_63: checks 
*** RIVER *** [7h Td 7s Qc] [2s]
ChoasCarlos: bets $0.50
densamara_63: folds 
Uncalled bet ($0.50) returned to ChoasCarlos
ChoasCarlos collected $1.19 from pot
*** SUMMARY ***
Total pot $1.25 | Rake $0.06 
Board [7h Td 7s Qc 2s]
Seat 1: SICKDUCK69 (small blind) folded before Flop
Seat 3: Im Grinder (big blind) folded before Flop
Seat 4: ChoasCarlos collected ($1.19)
Seat 5: GoodmanAR folded before Flop (didn't bet)
Seat 6: densamara_63 (button) folded on the River



PokerStars Hand #222953169143:  Hold'em No Limit ($0.05/$0.10 USD) - 2021/01/23 8:16:30 ET
Table 'Capella II' 6-max Seat #1 is the button
Seat 1: SICKDUCK69 ($17.48 in chips) 
Seat 3: Im Grinder ($14.96 in chips) 
Seat 4: ChoasCarlos ($8.62 in chips) 
Seat 5: GoodmanAR ($10.67 in chips) 
Seat 6: densamara_63 ($13.21 in chips) 
Im Grinder: posts small blind $0.05
ChoasCarlos: posts big blind $0.10
*** HOLE CARDS ***
GoodmanAR: folds 
densamara_63: folds 
SICKDUCK69: folds 
Im Grinder: folds 
Uncalled bet ($0.05) returned to ChoasCarlos
ChoasCarlos collected $0.10 from pot
*** SUMMARY ***
Total pot $0.10 | Rake $0 
Seat 1: SICKDUCK69 (button) folded before Flop (didn't bet)
Seat 3: Im Grinder (small blind) folded before Flop
Seat 4: ChoasCarlos (big blind) collected ($0.10)
Seat 5: GoodmanAR folded before Flop (didn't bet)
Seat 6: densamara_63 folded before Flop (didn't bet)



PokerStars Hand #222953173844:  Hold'em No Limit ($0.05/$0.10 USD) - 2021/01/23 8:16:42 ET
Table 'Capella II' 6-max Seat #3 is the button
Seat 1: SICKDUCK69 ($17.48 in chips) 
Seat 3: Im Grinder ($14.91 in chips) 
Seat 4: ChoasCarlos ($8.67 in chips) 
Seat 5: GoodmanAR ($10.67 in chips) 
Seat 6: densamara_63 ($13.21 in chips) 
ChoasCarlos: posts small blind $0.05
GoodmanAR: posts big blind $0.10
*** HOLE CARDS ***
densamara_63: folds 
SICKDUCK69: raises $0.15 to $0.25
Im Grinder: raises $0.75 to $1
ChoasCarlos: folds 
GoodmanAR: folds 
SICKDUCK69: calls $0.75
*** FLOP *** [8h 3h 4c]
SICKDUCK69: checks 
Im Grinder: checks 
*** TURN *** [8h 3h 4c] [3s]
SICKDUCK69: checks 
Im Grinder: checks 
*** RIVER *** [8h 3h 4c 3s] [6d]
SICKDUCK69: checks 
Im Grinder: checks 
*** SHOW DOWN ***
SICKDUCK69: shows [Td Ad] (a pair of Threes)
Im Grinder: mucks hand 
SICKDUCK69 collected $2.05 from pot
*** SUMMARY ***
Total pot $2.15 | Rake $0.10 
Board [8h 3h 4c 3s 6d]
Seat 1: SICKDUCK69 showed [Td Ad] and won ($2.05) with a pair of Threes
Seat 3: Im Grinder (button) mucked
Seat 4: ChoasCarlos (small blind) folded before Flop
Seat 5: GoodmanAR (big blind) folded before Flop
Seat 6: densamara_63 folded before Flop (didn't bet)



PokerStars Hand #222953193522:  Hold'em No Limit ($0.05/$0.10 USD) - 2021/01/23 8:17:29 ET
Table 'Capella II' 6-max Seat #4 is the button
Seat 1: SICKDUCK69 ($18.53 in chips) 
Seat 3: Im Grinder ($13.91 in chips) 
Seat 4: ChoasCarlos ($8.62 in chips) 
Seat 5: GoodmanAR ($10.57 in chips) 
Seat 6: densamara_63 ($13.21 in chips) 
GoodmanAR: posts small blind $0.05
densamara_63: posts big blind $0.10
*** HOLE CARDS ***
SICKDUCK69: folds 
Im Grinder: folds 
ChoasCarlos: raises $0.10 to $0.20
GoodmanAR: folds 
densamara_63: folds 
Uncalled bet ($0.10) returned to ChoasCarlos
ChoasCarlos collected $0.25 from pot
*** SUMMARY ***
Total pot $0.25 | Rake $0 
Seat 1: SICKDUCK69 folded before Flop (didn't bet)
Seat 3: Im Grinder folded before Flop (didn't bet)
Seat 4: ChoasCarlos (button) collected ($0.25)
Seat 5: GoodmanAR (small blind) folded before Flop
Seat 6: densamara_63 (big blind) folded before Flop



PokerStars Hand #222953200703:  Hold'em No Limit ($0.05/$0.10 USD) - 2021/01/23 8:17:46 ET
Table 'Capella II' 6-max Seat #5 is the button
Seat 1: SICKDUCK69 ($18.53 in chips) 
Seat 3: Im Grinder ($13.91 in chips) 
Seat 4: ChoasCarlos ($8.77 in chips) 
Seat 5: GoodmanAR ($10.52 in chips) 
Seat 6: densamara_63 ($13.11 in chips) 
densamara_63: posts small blind $0.05
SICKDUCK69: posts big blind $0.10
*** HOLE CARDS ***
Im Grinder: folds 
ChoasCarlos: folds 
GoodmanAR: folds 
densamara_63: folds 
Uncalled bet ($0.05) returned to SICKDUCK69
SICKDUCK69 collected $0.10 from pot
*** SUMMARY ***
Total pot $0.10 | Rake $0 
Seat 1: SICKDUCK69 (big blind) collected ($0.10)
Seat 3: Im Grinder folded before Flop (didn't bet)
Seat 4: ChoasCarlos folded before Flop (didn't bet)
Seat 5: GoodmanAR (button) folded before Flop (didn't bet)
Seat 6: densamara_63 (small blind) folded before Flop



PokerStars Hand #222953205606:  Hold'em No Limit ($0.05/$0.10 USD) - 2021/01/23 8:17:57 ET
Table 'Capella II' 6-max Seat #6 is the button
Seat 1: SICKDUCK69 ($18.58 in chips) 
Seat 3: Im Grinder ($13.91 in chips) 
Seat 4: ChoasCarlos ($8.77 in chips) 
Seat 5: GoodmanAR ($10.52 in chips) 
Seat 6: densamara_63 ($13.06 in chips) 
SICKDUCK69: posts small blind $0.05
Im Grinder: posts big blind $0.10
*** HOLE CARDS ***
ChoasCarlos: calls $0.10
GoodmanAR: folds 
densamara_63: folds 
SICKDUCK69: folds 
Im Grinder: checks 
*** FLOP *** [6c 2c 9s]
Im Grinder: checks 
ChoasCarlos: bets $0.10
Im Grinder: folds 
Uncalled bet ($0.10) returned to ChoasCarlos
ChoasCarlos collected $0.24 from pot
Rahaautomaat was removed from the table for failing to post
Rahaautomaat leaves the table
*** SUMMARY ***
Total pot $0.25 | Rake $0.01 
Board [6c 2c 9s]
Seat 1: SICKDUCK69 (small blind) folded before Flop
Seat 3: Im Grinder (big blind) folded on the Flop
Seat 4: ChoasCarlos collected ($0.24)
Seat 5: GoodmanAR folded before Flop (didn't bet)
Seat 6: densamara_63 (button) folded before Flop (didn't bet)



PokerStars Hand #222953219044:  Hold'em No Limit ($0.05/$0.10 USD) - 2021/01/23 8:18:29 ET
Table 'Capella II' 6-max Seat #1 is the button
Seat 1: SICKDUCK69 ($18.53 in chips) 
Seat 3: Im Grinder ($13.81 in chips) 
Seat 4: ChoasCarlos ($8.91 in chips) 
Seat 5: GoodmanAR ($10.52 in chips) 
Seat 6: densamara_63 ($13.06 in chips) 
Im Grinder: posts small blind $0.05
ChoasCarlos: posts big blind $0.10
*** HOLE CARDS ***
GoodmanAR: folds 
densamara_63: folds 
SICKDUCK69: calls $0.10
Im Grinder: raises $0.40 to $0.50
rotundul joins the table at seat #2 
ChoasCarlos: folds 
SICKDUCK69: calls $0.40
*** FLOP *** [Kd Td 9h]
Im Grinder: checks 
SICKDUCK69: checks 
*** TURN *** [Kd Td 9h] [5d]
Im Grinder: checks 
SICKDUCK69: bets $0.69
Im Grinder: folds 
Uncalled bet ($0.69) returned to SICKDUCK69
SICKDUCK69 collected $1.05 from pot
SICKDUCK69: doesn't show hand 
*** SUMMARY ***
Total pot $1.10 | Rake $0.05 
Board [Kd Td 9h 5d]
Seat 1: SICKDUCK69 (button) collected ($1.05)
Seat 3: Im Grinder (small blind) folded on the Turn
Seat 4: ChoasCarlos (big blind) folded before Flop
Seat 5: GoodmanAR folded before Flop (didn't bet)
Seat 6: densamara_63 folded before Flop (didn't bet)



PokerStars Hand #222953232560:  Hold'em No Limit ($0.05/$0.10 USD) - 2021/01/23 8:19:01 ET
Table 'Capella II' 6-max Seat #3 is the button
Seat 1: SICKDUCK69 ($19.08 in chips) 
Seat 3: Im Grinder ($13.31 in chips) 
Seat 4: ChoasCarlos ($8.81 in chips) 
Seat 5: GoodmanAR ($10.52 in chips) 
Seat 6: densamara_63 ($13.06 in chips) 
ChoasCarlos: posts small blind $0.05
GoodmanAR: posts big blind $0.10
rotundul: sits out 
*** HOLE CARDS ***
densamara_63: raises $0.20 to $0.30
SICKDUCK69: folds 
Im Grinder: folds 
ChoasCarlos: calls $0.25
GoodmanAR: folds 
*** FLOP *** [2s Js 7s]
ChoasCarlos: checks 
densamara_63: checks 
*** TURN *** [2s Js 7s] [Th]
ChoasCarlos: bets $0.30
densamara_63: calls $0.30
*** RIVER *** [2s Js 7s Th] [6c]
ChoasCarlos: bets $0.30
densamara_63: raises $1.53 to $1.83
ChoasCarlos: folds 
Uncalled bet ($1.53) returned to densamara_63
densamara_63 collected $1.81 from pot
*** SUMMARY ***
Total pot $1.90 | Rake $0.09 
Board [2s Js 7s Th 6c]
Seat 1: SICKDUCK69 folded before Flop (didn't bet)
Seat 3: Im Grinder (button) folded before Flop (didn't bet)
Seat 4: ChoasCarlos (small blind) folded on the River
Seat 5: GoodmanAR (big blind) folded before Flop
Seat 6: densamara_63 collected ($1.81)



PokerStars Hand #222953246525:  Hold'em No Limit ($0.05/$0.10 USD) - 2021/01/23 8:19:35 ET
Table 'Capella II' 6-max Seat #4 is the button
Seat 1: SICKDUCK69 ($19.08 in chips) 
Seat 3: Im Grinder ($13.31 in chips) 
Seat 4: ChoasCarlos ($7.91 in chips) 
Seat 5: GoodmanAR ($10.42 in chips) 
Seat 6: densamara_63 ($13.97 in chips) 
GoodmanAR: posts small blind $0.05
densamara_63: posts big blind $0.10
rotundul: sits out 
*** HOLE CARDS ***
SICKDUCK69 has timed out
SICKDUCK69: folds 
Im Grinder: folds 
ChoasCarlos: raises $0.20 to $0.30
GoodmanAR: folds 
densamara_63: folds 
Uncalled bet ($0.20) returned to ChoasCarlos
ChoasCarlos collected $0.25 from pot
*** SUMMARY ***
Total pot $0.25 | Rake $0 
Seat 1: SICKDUCK69 folded before Flop (didn't bet)
Seat 3: Im Grinder folded before Flop (didn't bet)
Seat 4: ChoasCarlos (button) collected ($0.25)
Seat 5: GoodmanAR (small blind) folded before Flop
Seat 6: densamara_63 (big blind) folded before Flop



PokerStars Hand #222953256131:  Hold'em No Limit ($0.05/$0.10 USD) - 2021/01/23 8:19:58 ET
Table 'Capella II' 6-max Seat #5 is the button
Seat 1: SICKDUCK69 ($19.08 in chips) 
Seat 3: Im Grinder ($13.31 in chips) 
Seat 4: ChoasCarlos ($8.06 in chips) 
Seat 5: GoodmanAR ($10.37 in chips) 
Seat 6: densamara_63 ($13.87 in chips) 
densamara_63: posts small blind $0.05
SICKDUCK69: posts big blind $0.10
rotundul: sits out 
*** HOLE CARDS ***
Im Grinder: folds 
ChoasCarlos: folds 
GoodmanAR: raises $0.15 to $0.25
densamara_63: raises $0.65 to $0.90
SICKDUCK69: folds 
GoodmanAR: folds 
Uncalled bet ($0.65) returned to densamara_63
densamara_63 collected $0.60 from pot
*** SUMMARY ***
Total pot $0.60 | Rake $0 
Seat 1: SICKDUCK69 (big blind) folded before Flop
Seat 3: Im Grinder folded before Flop (didn't bet)
Seat 4: ChoasCarlos folded before Flop (didn't bet)
Seat 5: GoodmanAR (button) folded before Flop
Seat 6: densamara_63 (small blind) collected ($0.60)



PokerStars Hand #222953266660:  Hold'em No Limit ($0.05/$0.10 USD) - 2021/01/23 8:20:22 ET
Table 'Capella II' 6-max Seat #6 is the button
Seat 1: SICKDUCK69 ($18.98 in chips) 
Seat 2: rotundul ($10 in chips) 
Seat 3: Im Grinder ($13.31 in chips) 
Seat 4: ChoasCarlos ($8.06 in chips) 
Seat 5: GoodmanAR ($10.12 in chips) 
Seat 6: densamara_63 ($14.22 in chips) 
SICKDUCK69: posts small blind $0.05
rotundul: posts big blind $0.10
*** HOLE CARDS ***
Im Grinder: folds 
ChoasCarlos: calls $0.10
GoodmanAR: folds 
densamara_63: folds 
SICKDUCK69: folds 
rotundul: raises $0.40 to $0.50
ChoasCarlos: calls $0.40
*** FLOP *** [Jd Ah Ts]
rotundul: checks 
ChoasCarlos: checks 
*** TURN *** [Jd Ah Ts] [Js]
rotundul: checks 
ChoasCarlos: bets $0.30
rotundul: calls $0.30
*** RIVER *** [Jd Ah Ts Js] [4s]
rotundul: checks 
ChoasCarlos: checks 
*** SHOW DOWN ***
rotundul: shows [Td Ks] (two pair, Jacks and Tens)
ChoasCarlos: mucks hand 
rotundul collected $1.58 from pot
*** SUMMARY ***
Total pot $1.65 | Rake $0.07 
Board [Jd Ah Ts Js 4s]
Seat 1: SICKDUCK69 (small blind) folded before Flop
Seat 2: rotundul (big blind) showed [Td Ks] and won ($1.58) with two pair, Jacks and Tens
Seat 3: Im Grinder folded before Flop (didn't bet)
Seat 4: ChoasCarlos mucked
Seat 5: GoodmanAR folded before Flop (didn't bet)
Seat 6: densamara_63 (button) folded before Flop (didn't bet)



PokerStars Hand #222953298551:  Hold'em No Limit ($0.05/$0.10 USD) - 2021/01/23 8:21:36 ET
Table 'Capella II' 6-max Seat #1 is the button
Seat 1: SICKDUCK69 ($18.93 in chips) 
Seat 2: rotundul ($10.78 in chips) 
Seat 3: Im Grinder ($13.31 in chips) 
Seat 4: ChoasCarlos ($7.26 in chips) 
Seat 5: GoodmanAR ($10.12 in chips) 
Seat 6: densamara_63 ($14.22 in chips) 
rotundul: posts small blind $0.05
Im Grinder: posts big blind $0.10
*** HOLE CARDS ***
ChoasCarlos: folds 
GoodmanAR: folds 
densamara_63: folds 
SICKDUCK69: folds 
rotundul: raises $0.20 to $0.30
Im Grinder: calls $0.20
*** FLOP *** [8d 5d Kh]
rotundul: checks 
Im Grinder: bets $0.38
rotundul: folds 
Uncalled bet ($0.38) returned to Im Grinder
Im Grinder collected $0.57 from pot
Im Grinder: doesn't show hand 
*** SUMMARY ***
Total pot $0.60 | Rake $0.03 
Board [8d 5d Kh]
Seat 1: SICKDUCK69 (button) folded before Flop (didn't bet)
Seat 2: rotundul (small blind) folded on the Flop
Seat 3: Im Grinder (big blind) collected ($0.57)
Seat 4: ChoasCarlos folded before Flop (didn't bet)
Seat 5: GoodmanAR folded before Flop (didn't bet)
Seat 6: densamara_63 folded before Flop (didn't bet)



PokerStars Hand #222953316959:  Hold'em No Limit ($0.05/$0.10 USD) - 2021/01/23 8:22:19 ET
Table 'Capella II' 6-max Seat #2 is the button
Seat 1: SICKDUCK69 ($18.93 in chips) 
Seat 2: rotundul ($10.48 in chips) 
Seat 3: Im Grinder ($13.58 in chips) 
Seat 4: ChoasCarlos ($7.26 in chips) 
Seat 5: GoodmanAR ($10.12 in chips) 
Seat 6: densamara_63 ($14.22 in chips) 
Im Grinder: posts small blind $0.05
ChoasCarlos: posts big blind $0.10
*** HOLE CARDS ***
GoodmanAR: folds 
densamara_63: folds 
SICKDUCK69: raises $0.15 to $0.25
rotundul: folds 
Im Grinder: folds 
ChoasCarlos: folds 
Uncalled bet ($0.15) returned to SICKDUCK69
SICKDUCK69 collected $0.25 from pot
SICKDUCK69: doesn't show hand 
*** SUMMARY ***
Total pot $0.25 | Rake $0 
Seat 1: SICKDUCK69 collected ($0.25)
Seat 2: rotundul (button) folded before Flop (didn't bet)
Seat 3: Im Grinder (small blind) folded before Flop
Seat 4: ChoasCarlos (big blind) folded before Flop
Seat 5: GoodmanAR folded before Flop (didn't bet)
Seat 6: densamara_63 folded before Flop (didn't bet)



PokerStars Hand #222953327592:  Hold'em No Limit ($0.05/$0.10 USD) - 2021/01/23 8:22:43 ET
Table 'Capella II' 6-max Seat #3 is the button
Seat 1: SICKDUCK69 ($19.08 in chips) 
Seat 2: rotundul ($10.48 in chips) 
Seat 3: Im Grinder ($13.53 in chips) 
Seat 4: ChoasCarlos ($7.16 in chips) 
Seat 5: GoodmanAR ($10.12 in chips) 
Seat 6: densamara_63 ($14.22 in chips) 
ChoasCarlos: posts small blind $0.05
GoodmanAR: posts big blind $0.10
*** HOLE CARDS ***
densamara_63: folds 
SICKDUCK69: folds 
rotundul: folds 
Im Grinder: folds 
ChoasCarlos: folds 
Uncalled bet ($0.05) returned to GoodmanAR
GoodmanAR collected $0.10 from pot
GoodmanAR: doesn't show hand 
*** SUMMARY ***
Total pot $0.10 | Rake $0 
Seat 1: SICKDUCK69 folded before Flop (didn't bet)
Seat 2: rotundul folded before Flop (didn't bet)
Seat 3: Im Grinder (button) folded before Flop (didn't bet)
Seat 4: ChoasCarlos (small blind) folded before Flop
Seat 5: GoodmanAR (big blind) collected ($0.10)
Seat 6: densamara_63 folded before Flop (didn't bet)



PokerStars Hand #222953331123:  Hold'em No Limit ($0.05/$0.10 USD) - 2021/01/23 8:22:51 ET
Table 'Capella II' 6-max Seat #4 is the button
Seat 1: SICKDUCK69 ($19.08 in chips) 
Seat 2: rotundul ($10.48 in chips) 
Seat 3: Im Grinder ($13.53 in chips) 
Seat 4: ChoasCarlos ($7.11 in chips) 
Seat 5: GoodmanAR ($10.17 in chips) 
Seat 6: densamara_63 ($14.22 in chips) 
GoodmanAR: posts small blind $0.05
densamara_63: posts big blind $0.10
*** HOLE CARDS ***
SICKDUCK69: raises $0.15 to $0.25
rotundul: folds 
Im Grinder: folds 
ChoasCarlos: folds 
GoodmanAR: folds 
densamara_63: calls $0.15
*** FLOP *** [3c 2h Ad]
densamara_63: checks 
SICKDUCK69: bets $0.18
densamara_63: calls $0.18
*** TURN *** [3c 2h Ad] [Kh]
densamara_63: checks 
SICKDUCK69: bets $0.57
densamara_63: folds 
Uncalled bet ($0.57) returned to SICKDUCK69
SICKDUCK69 collected $0.87 from pot
SICKDUCK69: doesn't show hand 
*** SUMMARY ***
Total pot $0.91 | Rake $0.04 
Board [3c 2h Ad Kh]
Seat 1: SICKDUCK69 collected ($0.87)
Seat 2: rotundul folded before Flop (didn't bet)
Seat 3: Im Grinder folded before Flop (didn't bet)
Seat 4: ChoasCarlos (button) folded before Flop (didn't bet)
Seat 5: GoodmanAR (small blind) folded before Flop
Seat 6: densamara_63 (big blind) folded on the Turn



PokerStars Hand #222953347038:  Hold'em No Limit ($0.05/$0.10 USD) - 2021/01/23 8:23:28 ET
Table 'Capella II' 6-max Seat #5 is the button
Seat 1: SICKDUCK69 ($19.52 in chips) 
Seat 2: rotundul ($10.48 in chips) 
Seat 3: Im Grinder ($13.53 in chips) 
Seat 4: ChoasCarlos ($7.11 in chips) 
Seat 5: GoodmanAR ($10.12 in chips) 
Seat 6: densamara_63 ($13.79 in chips) 
densamara_63: posts small blind $0.05
SICKDUCK69: posts big blind $0.10
*** HOLE CARDS ***
rotundul: folds 
Im Grinder: folds 
ChoasCarlos: raises $0.20 to $0.30
GoodmanAR: folds 
densamara_63: folds 
SICKDUCK69: folds 
Uncalled bet ($0.20) returned to ChoasCarlos
ChoasCarlos collected $0.25 from pot
*** SUMMARY ***
Total pot $0.25 | Rake $0 
Seat 1: SICKDUCK69 (big blind) folded before Flop
Seat 2: rotundul folded before Flop (didn't bet)
Seat 3: Im Grinder folded before Flop (didn't bet)
Seat 4: ChoasCarlos collected ($0.25)
Seat 5: GoodmanAR (button) folded before Flop (didn't bet)
Seat 6: densamara_63 (small blind) folded before Flop



PokerStars Hand #222953356861:  Hold'em No Limit ($0.05/$0.10 USD) - 2021/01/23 8:23:51 ET
Table 'Capella II' 6-max Seat #6 is the button
Seat 1: SICKDUCK69 ($19.42 in chips) 
Seat 2: rotundul ($10.48 in chips) 
Seat 3: Im Grinder ($13.53 in chips) 
Seat 4: ChoasCarlos ($7.26 in chips) 
Seat 5: GoodmanAR ($10.12 in chips) 
Seat 6: densamara_63 ($13.74 in chips) 
SICKDUCK69: posts small blind $0.05
rotundul: posts big blind $0.10
*** HOLE CARDS ***
Im Grinder: folds 
ChoasCarlos: calls $0.10
GoodmanAR: folds 
densamara_63: folds 
SICKDUCK69: calls $0.05
rotundul: raises $0.45 to $0.55
ChoasCarlos: folds 
SICKDUCK69: calls $0.45
*** FLOP *** [8c Ac 4c]
SICKDUCK69: bets $0.26
rotundul: raises $0.59 to $0.85
SICKDUCK69: raises $1.88 to $2.73
rotundul: calls $1.88
*** TURN *** [8c Ac 4c] [9d]
SICKDUCK69: bets $2.16
rotundul: calls $2.16
*** RIVER *** [8c Ac 4c 9d] [4d]
SICKDUCK69: bets $6.92
rotundul: calls $5.04 and is all-in
Uncalled bet ($1.88) returned to SICKDUCK69
*** SHOW DOWN ***
SICKDUCK69: shows [9h Jh] (two pair, Nines and Fours)
rotundul: shows [4h 4s] (four of a kind, Fours)
rotundul collected $20.11 from pot
*** SUMMARY ***
Total pot $21.06 | Rake $0.95 
Board [8c Ac 4c 9d 4d]
Seat 1: SICKDUCK69 (small blind) showed [9h Jh] and lost with two pair, Nines and Fours
Seat 2: rotundul (big blind) showed [4h 4s] and won ($20.11) with four of a kind, Fours
Seat 3: Im Grinder folded before Flop (didn't bet)
Seat 4: ChoasCarlos folded before Flop
Seat 5: GoodmanAR folded before Flop (didn't bet)
Seat 6: densamara_63 (button) folded before Flop (didn't bet)



PokerStars Hand #222953401237:  Hold'em No Limit ($0.05/$0.10 USD) - 2021/01/23 8:25:34 ET
Table 'Capella II' 6-max Seat #1 is the button
Seat 1: SICKDUCK69 ($8.94 in chips) 
Seat 2: rotundul ($20.11 in chips) 
Seat 3: Im Grinder ($13.53 in chips) 
Seat 4: ChoasCarlos ($7.16 in chips) 
Seat 5: GoodmanAR ($10.12 in chips) 
Seat 6: densamara_63 ($13.74 in chips) 
rotundul: posts small blind $0.05
Im Grinder: posts big blind $0.10
*** HOLE CARDS ***
ChoasCarlos: raises $0.10 to $0.20
GoodmanAR: folds 
densamara_63: calls $0.20
SICKDUCK69 has timed out
SICKDUCK69: folds 
rotundul: raises $1 to $1.20
Im Grinder: folds 
ChoasCarlos: calls $1
densamara_63: folds 
*** FLOP *** [2d 4s 4h]
rotundul: bets $0.80
ChoasCarlos: calls $0.80
*** TURN *** [2d 4s 4h] [Ah]
rotundul: bets $1.65
ChoasCarlos: raises $3.51 to $5.16 and is all-in
rotundul: calls $3.51
*** RIVER *** [2d 4s 4h Ah] [2c]
*** SHOW DOWN ***
rotundul: shows [Kh As] (two pair, Aces and Fours)
ChoasCarlos: shows [Jc Ac] (two pair, Aces and Fours - lower kicker)
rotundul collected $13.96 from pot
ChoasCarlos cashed out the hand for $1.41 | Cash Out Fee $0.01
*** SUMMARY ***
Total pot $14.62 | Rake $0.66 
Board [2d 4s 4h Ah 2c]
Seat 1: SICKDUCK69 (button) folded before Flop (didn't bet)
Seat 2: rotundul (small blind) showed [Kh As] and won ($13.96) with two pair, Aces and Fours
Seat 3: Im Grinder (big blind) folded before Flop
Seat 4: ChoasCarlos showed [Jc Ac] and lost with two pair, Aces and Fours (cashed out).
Seat 5: GoodmanAR folded before Flop (didn't bet)
Seat 6: densamara_63 folded before Flop



