PokerStars Hand #222941805191:  Hold'em No Limit ($0.05/$0.10 USD) - 2021/01/23 21:42:58 ET
Table 'Rosamunde III' 6-max Seat #1 is the button
Seat 1: teddyKK ($16.37 in chips) 
Seat 2: RohanV ($15.33 in chips) 
Seat 4: D.Komarov ($27.59 in chips) 
Seat 6: skems123 ($13.98 in chips) 
RohanV: posts small blind $0.05
Marian V. 31: is sitting out 
Marian V. 31 leaves the table
D.Komarov: posts big blind $0.10
*** HOLE CARDS ***
skems123: folds 
teddyKK: raises $0.20 to $0.30
alfaomegabet joins the table at seat #3 
RohanV: folds 
D.Komarov: folds 
Uncalled bet ($0.20) returned to teddyKK
teddyKK collected $0.25 from pot
teddyKK: doesn't show hand 
*** SUMMARY ***
Total pot $0.25 | Rake $0 
Seat 1: teddyKK (button) collected ($0.25)
Seat 2: RohanV (small blind) folded before Flop
Seat 4: D.Komarov (big blind) folded before Flop
Seat 6: skems123 folded before Flop (didn't bet)



PokerStars Hand #222941817170:  Hold'em No Limit ($0.05/$0.10 USD) - 2021/01/23 21:43:28 ET
Table 'Rosamunde III' 6-max Seat #2 is the button
Seat 1: teddyKK ($16.52 in chips) 
Seat 2: RohanV ($15.28 in chips) 
Seat 4: D.Komarov ($27.49 in chips) 
Seat 6: skems123 ($13.98 in chips) 
D.Komarov: posts small blind $0.05
skems123: posts big blind $0.10
*** HOLE CARDS ***
teddyKK: raises $0.20 to $0.30
RohanV has timed out
RohanV: folds 
D.Komarov: raises $0.90 to $1.20
skems123: folds 
teddyKK: calls $0.90
*** FLOP *** [Qh As Js]
D.Komarov: checks 
teddyKK: checks 
*** TURN *** [Qh As Js] [3s]
D.Komarov: checks 
teddyKK: checks 
*** RIVER *** [Qh As Js 3s] [Ah]
D.Komarov: checks 
teddyKK: bets $1.10
D.Komarov: calls $1.10
*** SHOW DOWN ***
teddyKK: shows [Ks Kd] (two pair, Aces and Kings)
D.Komarov: shows [Kc Kh] (two pair, Aces and Kings)
D.Komarov collected $2.25 from pot
teddyKK collected $2.24 from pot
*** SUMMARY ***
Total pot $4.70 | Rake $0.21 
Board [Qh As Js 3s Ah]
Seat 1: teddyKK showed [Ks Kd] and won ($2.24) with two pair, Aces and Kings
Seat 2: RohanV (button) folded before Flop (didn't bet)
Seat 4: D.Komarov (small blind) showed [Kc Kh] and won ($2.25) with two pair, Aces and Kings
Seat 6: skems123 (big blind) folded before Flop



PokerStars Hand #222941842387:  Hold'em No Limit ($0.05/$0.10 USD) - 2021/01/23 21:44:33 ET
Table 'Rosamunde III' 6-max Seat #4 is the button
Seat 1: teddyKK ($16.46 in chips) 
Seat 2: RohanV ($15.28 in chips) 
Seat 4: D.Komarov ($27.44 in chips) 
Seat 6: skems123 ($13.88 in chips) 
skems123: posts small blind $0.05
teddyKK: posts big blind $0.10
alfaomegabet: sits out 
*** HOLE CARDS ***
RohanV: folds 
D.Komarov: folds 
skems123: calls $0.05
teddyKK: checks 
*** FLOP *** [7c 3d Td]
skems123: checks 
teddyKK: checks 
*** TURN *** [7c 3d Td] [3c]
skems123: checks 
teddyKK: checks 
*** RIVER *** [7c 3d Td 3c] [Ks]
skems123: checks 
teddyKK: checks 
*** SHOW DOWN ***
skems123: shows [7h 8h] (two pair, Sevens and Threes)
teddyKK: mucks hand 
skems123 collected $0.19 from pot
*** SUMMARY ***
Total pot $0.20 | Rake $0.01 
Board [7c 3d Td 3c Ks]
Seat 1: teddyKK (big blind) mucked
Seat 2: RohanV folded before Flop (didn't bet)
Seat 4: D.Komarov (button) folded before Flop (didn't bet)
Seat 6: skems123 (small blind) showed [7h 8h] and won ($0.19) with two pair, Sevens and Threes



PokerStars Hand #222941855951:  Hold'em No Limit ($0.05/$0.10 USD) - 2021/01/23 21:45:07 ET
Table 'Rosamunde III' 6-max Seat #6 is the button
Seat 1: teddyKK ($16.36 in chips) 
Seat 2: RohanV ($15.28 in chips) 
Seat 4: D.Komarov ($27.44 in chips) 
Seat 6: skems123 ($13.97 in chips) 
teddyKK: posts small blind $0.05
RohanV: posts big blind $0.10
alfaomegabet: sits out 
*** HOLE CARDS ***
D.Komarov: raises $0.14 to $0.24
skems123: calls $0.24
teddyKK: calls $0.19
RohanV: calls $0.14
*** FLOP *** [5s 6h 4h]
teddyKK: checks 
RohanV: checks 
D.Komarov: bets $0.55
skems123: calls $0.55
teddyKK: folds 
RohanV: calls $0.55
*** TURN *** [5s 6h 4h] [6c]
RohanV: checks 
D.Komarov: bets $0.82
skems123: calls $0.82
RohanV: calls $0.82
*** RIVER *** [5s 6h 4h 6c] [Ts]
RohanV: checks 
D.Komarov: checks 
skems123: checks 
*** SHOW DOWN ***
RohanV: shows [7h 9d] (a pair of Sixes)
D.Komarov: shows [8h Ah] (a pair of Sixes - Ace kicker)
skems123: shows [7c 5c] (two pair, Sixes and Fives)
skems123 collected $4.84 from pot
*** SUMMARY ***
Total pot $5.07 | Rake $0.23 
Board [5s 6h 4h 6c Ts]
Seat 1: teddyKK (small blind) folded on the Flop
Seat 2: RohanV (big blind) showed [7h 9d] and lost with a pair of Sixes
Seat 4: D.Komarov showed [8h Ah] and lost with a pair of Sixes
Seat 6: skems123 (button) showed [7c 5c] and won ($4.84) with two pair, Sixes and Fives



PokerStars Hand #222941876672:  Hold'em No Limit ($0.05/$0.10 USD) - 2021/01/23 21:46:00 ET
Table 'Rosamunde III' 6-max Seat #1 is the button
Seat 1: teddyKK ($16.12 in chips) 
Seat 2: RohanV ($13.67 in chips) 
Seat 3: alfaomegabet ($10 in chips) 
Seat 4: D.Komarov ($25.83 in chips) 
Seat 6: skems123 ($17.20 in chips) 
RohanV: posts small blind $0.05
alfaomegabet: posts big blind $0.10
*** HOLE CARDS ***
D.Komarov: folds 
skems123: folds 
teddyKK: raises $0.20 to $0.30
RohanV: folds 
alfaomegabet: folds 
Uncalled bet ($0.20) returned to teddyKK
teddyKK collected $0.25 from pot
teddyKK: doesn't show hand 
*** SUMMARY ***
Total pot $0.25 | Rake $0 
Seat 1: teddyKK (button) collected ($0.25)
Seat 2: RohanV (small blind) folded before Flop
Seat 3: alfaomegabet (big blind) folded before Flop
Seat 4: D.Komarov folded before Flop (didn't bet)
Seat 6: skems123 folded before Flop (didn't bet)



PokerStars Hand #222941885957:  Hold'em No Limit ($0.05/$0.10 USD) - 2021/01/23 21:46:24 ET
Table 'Rosamunde III' 6-max Seat #2 is the button
Seat 1: teddyKK ($16.27 in chips) 
Seat 2: RohanV ($13.62 in chips) 
Seat 3: alfaomegabet ($10 in chips) 
Seat 4: D.Komarov ($25.83 in chips) 
Seat 6: skems123 ($17.20 in chips) 
alfaomegabet: posts small blind $0.05
D.Komarov: posts big blind $0.10
*** HOLE CARDS ***
skems123: folds 
teddyKK: folds 
RohanV: raises $0.10 to $0.20
alfaomegabet: folds 
D.Komarov: calls $0.10
*** FLOP *** [4s 5s Tc]
D.Komarov: checks 
RohanV: bets $0.21
D.Komarov: calls $0.21
*** TURN *** [4s 5s Tc] [2c]
D.Komarov: checks 
RohanV: bets $0.41
D.Komarov: calls $0.41
*** RIVER *** [4s 5s Tc 2c] [9h]
D.Komarov: checks 
RohanV: checks 
*** SHOW DOWN ***
D.Komarov: shows [7s Ks] (high card King)
RohanV: shows [4d 3d] (a pair of Fours)
RohanV collected $1.61 from pot
*** SUMMARY ***
Total pot $1.69 | Rake $0.08 
Board [4s 5s Tc 2c 9h]
Seat 1: teddyKK folded before Flop (didn't bet)
Seat 2: RohanV (button) showed [4d 3d] and won ($1.61) with a pair of Fours
Seat 3: alfaomegabet (small blind) folded before Flop
Seat 4: D.Komarov (big blind) showed [7s Ks] and lost with high card King
Seat 6: skems123 folded before Flop (didn't bet)



PokerStars Hand #222941918075:  Hold'em No Limit ($0.05/$0.10 USD) - 2021/01/23 21:47:47 ET
Table 'Rosamunde III' 6-max Seat #3 is the button
Seat 1: teddyKK ($16.27 in chips) 
Seat 2: RohanV ($14.41 in chips) 
Seat 3: alfaomegabet ($10 in chips) 
Seat 4: D.Komarov ($25.01 in chips) 
Seat 6: skems123 ($17.20 in chips) 
D.Komarov: posts small blind $0.05
skems123: posts big blind $0.10
*** HOLE CARDS ***
teddyKK: folds 
RohanV: folds 
alfaomegabet: folds 
D.Komarov: raises $0.14 to $0.24
skems123: raises $0.56 to $0.80
D.Komarov: folds 
Uncalled bet ($0.56) returned to skems123
skems123 collected $0.48 from pot
skems123: doesn't show hand 
*** SUMMARY ***
Total pot $0.48 | Rake $0 
Seat 1: teddyKK folded before Flop (didn't bet)
Seat 2: RohanV folded before Flop (didn't bet)
Seat 3: alfaomegabet (button) folded before Flop (didn't bet)
Seat 4: D.Komarov (small blind) folded before Flop
Seat 6: skems123 (big blind) collected ($0.48)



PokerStars Hand #222941930580:  Hold'em No Limit ($0.05/$0.10 USD) - 2021/01/23 21:48:20 ET
Table 'Rosamunde III' 6-max Seat #4 is the button
Seat 1: teddyKK ($16.27 in chips) 
Seat 2: RohanV ($14.41 in chips) 
Seat 3: alfaomegabet ($10 in chips) 
Seat 4: D.Komarov ($24.77 in chips) 
Seat 6: skems123 ($17.44 in chips) 
skems123: posts small blind $0.05
teddyKK: posts big blind $0.10
*** HOLE CARDS ***
RohanV: folds 
alfaomegabet: folds 
D.Komarov: folds 
skems123: folds 
Uncalled bet ($0.05) returned to teddyKK
teddyKK collected $0.10 from pot
teddyKK: doesn't show hand 
*** SUMMARY ***
Total pot $0.10 | Rake $0 
Seat 1: teddyKK (big blind) collected ($0.10)
Seat 2: RohanV folded before Flop (didn't bet)
Seat 3: alfaomegabet folded before Flop (didn't bet)
Seat 4: D.Komarov (button) folded before Flop (didn't bet)
Seat 6: skems123 (small blind) folded before Flop



PokerStars Hand #222941935499:  Hold'em No Limit ($0.05/$0.10 USD) - 2021/01/23 21:48:32 ET
Table 'Rosamunde III' 6-max Seat #6 is the button
Seat 1: teddyKK ($16.32 in chips) 
Seat 2: RohanV ($14.41 in chips) 
Seat 3: alfaomegabet ($10 in chips) 
Seat 4: D.Komarov ($24.77 in chips) 
Seat 6: skems123 ($17.39 in chips) 
teddyKK: posts small blind $0.05
RohanV: posts big blind $0.10
*** HOLE CARDS ***
alfaomegabet: folds 
D.Komarov: folds 
skems123: folds 
teddyKK: folds 
Uncalled bet ($0.05) returned to RohanV
RohanV collected $0.10 from pot
*** SUMMARY ***
Total pot $0.10 | Rake $0 
Seat 1: teddyKK (small blind) folded before Flop
Seat 2: RohanV (big blind) collected ($0.10)
Seat 3: alfaomegabet folded before Flop (didn't bet)
Seat 4: D.Komarov folded before Flop (didn't bet)
Seat 6: skems123 (button) folded before Flop (didn't bet)



PokerStars Hand #222941941853:  Hold'em No Limit ($0.05/$0.10 USD) - 2021/01/23 21:48:49 ET
Table 'Rosamunde III' 6-max Seat #1 is the button
Seat 1: teddyKK ($16.27 in chips) 
Seat 2: RohanV ($14.46 in chips) 
Seat 3: alfaomegabet ($10 in chips) 
Seat 4: D.Komarov ($24.77 in chips) 
Seat 6: skems123 ($17.39 in chips) 
RohanV: posts small blind $0.05
alfaomegabet: posts big blind $0.10
*** HOLE CARDS ***
D.Komarov: folds 
D.Komarov leaves the table
skems123: folds 
auldstevie joins the table at seat #4 
teddyKK: folds 
RohanV: calls $0.05
alfaomegabet: checks 
*** FLOP *** [5d Jd 6d]
RohanV: bets $0.10
alfaomegabet: calls $0.10
*** TURN *** [5d Jd 6d] [7c]
RohanV: bets $0.10
alfaomegabet: calls $0.10
*** RIVER *** [5d Jd 6d 7c] [Ac]
RohanV: checks 
alfaomegabet: checks 
*** SHOW DOWN ***
RohanV: shows [9h Qd] (high card Ace)
alfaomegabet: shows [9s 7d] (a pair of Sevens)
alfaomegabet collected $0.57 from pot
*** SUMMARY ***
Total pot $0.60 | Rake $0.03 
Board [5d Jd 6d 7c Ac]
Seat 1: teddyKK (button) folded before Flop (didn't bet)
Seat 2: RohanV (small blind) showed [9h Qd] and lost with high card Ace
Seat 3: alfaomegabet (big blind) showed [9s 7d] and won ($0.57) with a pair of Sevens
Seat 4: D.Komarov folded before Flop (didn't bet)
Seat 6: skems123 folded before Flop (didn't bet)



PokerStars Hand #222941955949:  Hold'em No Limit ($0.05/$0.10 USD) - 2021/01/23 21:49:25 ET
Table 'Rosamunde III' 6-max Seat #2 is the button
Seat 1: teddyKK ($16.27 in chips) 
Seat 2: RohanV ($14.16 in chips) 
Seat 3: alfaomegabet ($10.27 in chips) 
Seat 4: auldstevie ($10 in chips) 
Seat 6: skems123 ($17.39 in chips) 
alfaomegabet: posts small blind $0.05
auldstevie: posts big blind $0.10
*** HOLE CARDS ***
skems123: folds 
teddyKK: raises $0.20 to $0.30
RohanV: folds 
alfaomegabet: folds 
auldstevie: folds 
Uncalled bet ($0.20) returned to teddyKK
teddyKK collected $0.25 from pot
teddyKK: doesn't show hand 
*** SUMMARY ***
Total pot $0.25 | Rake $0 
Seat 1: teddyKK collected ($0.25)
Seat 2: RohanV (button) folded before Flop (didn't bet)
Seat 3: alfaomegabet (small blind) folded before Flop
Seat 4: auldstevie (big blind) folded before Flop
Seat 6: skems123 folded before Flop (didn't bet)



PokerStars Hand #222941966465:  Hold'em No Limit ($0.05/$0.10 USD) - 2021/01/23 21:49:52 ET
Table 'Rosamunde III' 6-max Seat #3 is the button
Seat 1: teddyKK ($16.42 in chips) 
Seat 2: RohanV ($14.16 in chips) 
Seat 3: alfaomegabet ($10.22 in chips) 
Seat 4: auldstevie ($10 in chips) 
Seat 6: skems123 ($17.39 in chips) 
auldstevie: posts small blind $0.05
skems123: posts big blind $0.10
*** HOLE CARDS ***
teddyKK: raises $0.20 to $0.30
RohanV: folds 
alfaomegabet: folds 
auldstevie: folds 
skems123: calls $0.20
*** FLOP *** [4h Jh 2c]
skems123: checks 
teddyKK: bets $0.47
skems123: folds 
Uncalled bet ($0.47) returned to teddyKK
teddyKK collected $0.62 from pot
luckypabz2020 was removed from the table for failing to post
luckypabz2020 leaves the table
teddyKK: doesn't show hand 
*** SUMMARY ***
Total pot $0.65 | Rake $0.03 
Board [4h Jh 2c]
Seat 1: teddyKK collected ($0.62)
Seat 2: RohanV folded before Flop (didn't bet)
Seat 3: alfaomegabet (button) folded before Flop (didn't bet)
Seat 4: auldstevie (small blind) folded before Flop
Seat 6: skems123 (big blind) folded on the Flop



PokerStars Hand #222941976722:  Hold'em No Limit ($0.05/$0.10 USD) - 2021/01/23 21:50:19 ET
Table 'Rosamunde III' 6-max Seat #4 is the button
Seat 1: teddyKK ($16.74 in chips) 
Seat 2: RohanV ($14.16 in chips) 
Seat 3: alfaomegabet ($10.22 in chips) 
Seat 4: auldstevie ($10 in chips) 
Seat 6: skems123 ($17.09 in chips) 
skems123: posts small blind $0.05
teddyKK: posts big blind $0.10
*** HOLE CARDS ***
RohanV: folds 
alfaomegabet: raises $0.20 to $0.30
auldstevie: folds 
chipa1422 joins the table at seat #5 
skems123: folds 
teddyKK: folds 
Uncalled bet ($0.20) returned to alfaomegabet
alfaomegabet collected $0.25 from pot
alfaomegabet: doesn't show hand 
*** SUMMARY ***
Total pot $0.25 | Rake $0 
Seat 1: teddyKK (big blind) folded before Flop
Seat 2: RohanV folded before Flop (didn't bet)
Seat 3: alfaomegabet collected ($0.25)
Seat 4: auldstevie (button) folded before Flop (didn't bet)
Seat 6: skems123 (small blind) folded before Flop



PokerStars Hand #222941982121:  Hold'em No Limit ($0.05/$0.10 USD) - 2021/01/23 21:50:33 ET
Table 'Rosamunde III' 6-max Seat #6 is the button
Seat 1: teddyKK ($16.64 in chips) 
Seat 2: RohanV ($14.16 in chips) 
Seat 3: alfaomegabet ($10.37 in chips) 
Seat 4: auldstevie ($10 in chips) 
Seat 6: skems123 ($17.04 in chips) 
teddyKK: posts small blind $0.05
RohanV: posts big blind $0.10
chipa1422: sits out 
*** HOLE CARDS ***
alfaomegabet: folds 
auldstevie: folds 
skems123: folds 
teddyKK: folds 
Uncalled bet ($0.05) returned to RohanV
RohanV collected $0.10 from pot
*** SUMMARY ***
Total pot $0.10 | Rake $0 
Seat 1: teddyKK (small blind) folded before Flop
Seat 2: RohanV (big blind) collected ($0.10)
Seat 3: alfaomegabet folded before Flop (didn't bet)
Seat 4: auldstevie folded before Flop (didn't bet)
Seat 6: skems123 (button) folded before Flop (didn't bet)



PokerStars Hand #222941985849:  Hold'em No Limit ($0.05/$0.10 USD) - 2021/01/23 21:50:43 ET
Table 'Rosamunde III' 6-max Seat #1 is the button
Seat 1: teddyKK ($16.59 in chips) 
Seat 2: RohanV ($14.21 in chips) 
Seat 3: alfaomegabet ($10.37 in chips) 
Seat 4: auldstevie ($10 in chips) 
Seat 5: chipa1422 ($4 in chips) 
Seat 6: skems123 ($17.04 in chips) 
RohanV: posts small blind $0.05
alfaomegabet: posts big blind $0.10
chipa1422: posts big blind $0.10
*** HOLE CARDS ***
auldstevie: raises $0.15 to $0.25
chipa1422: folds 
skems123: folds 
teddyKK: folds 
RohanV: folds 
alfaomegabet: folds 
Uncalled bet ($0.15) returned to auldstevie
auldstevie collected $0.35 from pot
auldstevie: doesn't show hand 
*** SUMMARY ***
Total pot $0.35 | Rake $0 
Seat 1: teddyKK (button) folded before Flop (didn't bet)
Seat 2: RohanV (small blind) folded before Flop
Seat 3: alfaomegabet (big blind) folded before Flop
Seat 4: auldstevie collected ($0.35)
Seat 5: chipa1422 folded before Flop (didn't bet)
Seat 6: skems123 folded before Flop (didn't bet)



PokerStars Hand #222941991858:  Hold'em No Limit ($0.05/$0.10 USD) - 2021/01/23 21:50:59 ET
Table 'Rosamunde III' 6-max Seat #2 is the button
Seat 1: teddyKK ($16.59 in chips) 
Seat 2: RohanV ($14.16 in chips) 
Seat 3: alfaomegabet ($10.27 in chips) 
Seat 4: auldstevie ($10.25 in chips) 
Seat 5: chipa1422 ($3.90 in chips) 
Seat 6: skems123 ($17.04 in chips) 
alfaomegabet: posts small blind $0.05
auldstevie: posts big blind $0.10
*** HOLE CARDS ***
chipa1422: raises $0.20 to $0.30
skems123: calls $0.30
teddyKK: folds 
RohanV: folds 
alfaomegabet: folds 
auldstevie: folds 
*** FLOP *** [Kc Js 2h]
chipa1422: bets $0.40
skems123: calls $0.40
*** TURN *** [Kc Js 2h] [Th]
chipa1422: checks 
skems123: checks 
*** RIVER *** [Kc Js 2h Th] [As]
chipa1422: bets $0.90
skems123: calls $0.90
*** SHOW DOWN ***
chipa1422: shows [3c 3h] (a pair of Threes)
skems123: shows [Jh Ad] (two pair, Aces and Jacks)
skems123 collected $3.20 from pot
*** SUMMARY ***
Total pot $3.35 | Rake $0.15 
Board [Kc Js 2h Th As]
Seat 1: teddyKK folded before Flop (didn't bet)
Seat 2: RohanV (button) folded before Flop (didn't bet)
Seat 3: alfaomegabet (small blind) folded before Flop
Seat 4: auldstevie (big blind) folded before Flop
Seat 5: chipa1422 showed [3c 3h] and lost with a pair of Threes
Seat 6: skems123 showed [Jh Ad] and won ($3.20) with two pair, Aces and Jacks



PokerStars Hand #222942036812:  Hold'em No Limit ($0.05/$0.10 USD) - 2021/01/23 21:52:56 ET
Table 'Rosamunde III' 6-max Seat #4 is the button
Seat 1: teddyKK ($16.59 in chips) 
Seat 2: RohanV ($13.53 in chips) 
Seat 3: alfaomegabet ($10.22 in chips) 
Seat 4: auldstevie ($10.10 in chips) 
Seat 5: chipa1422 ($2.05 in chips) 
Seat 6: skems123 ($19.50 in chips) 
chipa1422: posts small blind $0.05
skems123: posts big blind $0.10
*** HOLE CARDS ***
teddyKK: folds 
RohanV has timed out
RohanV: folds 
alfaomegabet: raises $0.20 to $0.30
auldstevie: folds 
chipa1422: raises $1.75 to $2.05 and is all-in
skems123: folds 
alfaomegabet: calls $1.75
*** FLOP *** [Kd 6s Jh]
*** TURN *** [Kd 6s Jh] [Qc]
*** RIVER *** [Kd 6s Jh Qc] [Td]
*** SHOW DOWN ***
chipa1422: shows [7s 7c] (a pair of Sevens)
alfaomegabet: shows [Kc As] (a straight, Ten to Ace)
alfaomegabet collected $4.01 from pot
*** SUMMARY ***
Total pot $4.20 | Rake $0.19 
Board [Kd 6s Jh Qc Td]
Seat 1: teddyKK folded before Flop (didn't bet)
Seat 2: RohanV folded before Flop (didn't bet)
Seat 3: alfaomegabet showed [Kc As] and won ($4.01) with a straight, Ten to Ace
Seat 4: auldstevie (button) folded before Flop (didn't bet)
Seat 5: chipa1422 (small blind) showed [7s 7c] and lost with a pair of Sevens
Seat 6: skems123 (big blind) folded before Flop



PokerStars Hand #222942050091:  Hold'em No Limit ($0.05/$0.10 USD) - 2021/01/23 21:53:31 ET
Table 'Rosamunde III' 6-max Seat #6 is the button
Seat 1: teddyKK ($16.59 in chips) 
Seat 2: RohanV ($13.53 in chips) 
Seat 3: alfaomegabet ($12.18 in chips) 
Seat 4: auldstevie ($10.10 in chips) 
Seat 6: skems123 ($19.40 in chips) 
teddyKK: posts small blind $0.05
RohanV: posts big blind $0.10
*** HOLE CARDS ***
alfaomegabet: folds 
auldstevie: folds 
skems123: folds 
teddyKK: raises $0.20 to $0.30
RohanV: calls $0.20
*** FLOP *** [Ah 4d Ks]
teddyKK: checks 
RohanV: checks 
*** TURN *** [Ah 4d Ks] [7d]
teddyKK: checks 
RohanV: checks 
*** RIVER *** [Ah 4d Ks 7d] [3d]
chipa1422 leaves the table
teddyKK: checks 
RohanV: bets $0.20
teddyKK: calls $0.20
*** SHOW DOWN ***
RohanV: shows [2d As] (a pair of Aces)
teddyKK: mucks hand 
RohanV collected $0.96 from pot
*** SUMMARY ***
Total pot $1 | Rake $0.04 
Board [Ah 4d Ks 7d 3d]
Seat 1: teddyKK (small blind) mucked
Seat 2: RohanV (big blind) showed [2d As] and won ($0.96) with a pair of Aces
Seat 3: alfaomegabet folded before Flop (didn't bet)
Seat 4: auldstevie folded before Flop (didn't bet)
Seat 6: skems123 (button) folded before Flop (didn't bet)



PokerStars Hand #222942071342:  Hold'em No Limit ($0.05/$0.10 USD) - 2021/01/23 21:54:26 ET
Table 'Rosamunde III' 6-max Seat #1 is the button
Seat 1: teddyKK ($16.09 in chips) 
Seat 2: RohanV ($13.99 in chips) 
Seat 3: alfaomegabet ($12.18 in chips) 
Seat 4: auldstevie ($10.10 in chips) 
Seat 6: skems123 ($19.40 in chips) 
RohanV: posts small blind $0.05
alfaomegabet: posts big blind $0.10
*** HOLE CARDS ***
auldstevie: raises $0.15 to $0.25
skems123: folds 
teddyKK: folds 
Wooden Styx joins the table at seat #5 
Wooden Styx leaves the table
RohanV: folds 
KramSS joins the table at seat #5 
alfaomegabet: folds 
Uncalled bet ($0.15) returned to auldstevie
auldstevie collected $0.25 from pot
auldstevie: doesn't show hand 
*** SUMMARY ***
Total pot $0.25 | Rake $0 
Seat 1: teddyKK (button) folded before Flop (didn't bet)
Seat 2: RohanV (small blind) folded before Flop
Seat 3: alfaomegabet (big blind) folded before Flop
Seat 4: auldstevie collected ($0.25)
Seat 6: skems123 folded before Flop (didn't bet)



PokerStars Hand #222942082663:  Hold'em No Limit ($0.05/$0.10 USD) - 2021/01/23 21:54:56 ET
Table 'Rosamunde III' 6-max Seat #2 is the button
Seat 1: teddyKK ($16.09 in chips) 
Seat 2: RohanV ($13.94 in chips) 
Seat 3: alfaomegabet ($12.08 in chips) 
Seat 4: auldstevie ($10.25 in chips) 
Seat 6: skems123 ($19.40 in chips) 
alfaomegabet: posts small blind $0.05
auldstevie: posts big blind $0.10
KramSS: sits out 
*** HOLE CARDS ***
skems123: folds 
teddyKK: folds 
RohanV: folds 
alfaomegabet: raises $0.20 to $0.30
auldstevie: folds 
Uncalled bet ($0.20) returned to alfaomegabet
alfaomegabet collected $0.20 from pot
alfaomegabet: doesn't show hand 
*** SUMMARY ***
Total pot $0.20 | Rake $0 
Seat 1: teddyKK folded before Flop (didn't bet)
Seat 2: RohanV (button) folded before Flop (didn't bet)
Seat 3: alfaomegabet (small blind) collected ($0.20)
Seat 4: auldstevie (big blind) folded before Flop
Seat 6: skems123 folded before Flop (didn't bet)



PokerStars Hand #222942089764:  Hold'em No Limit ($0.05/$0.10 USD) - 2021/01/23 21:55:17 ET
Table 'Rosamunde III' 6-max Seat #3 is the button
Seat 1: teddyKK ($16.09 in chips) 
Seat 2: RohanV ($13.94 in chips) 
Seat 3: alfaomegabet ($12.18 in chips) 
Seat 4: auldstevie ($10.15 in chips) 
Seat 5: KramSS ($10 in chips) 
Seat 6: skems123 ($19.40 in chips) 
auldstevie: posts small blind $0.05
KramSS: posts big blind $0.10
*** HOLE CARDS ***
skems123: folds 
teddyKK: folds 
RohanV: calls $0.10
alfaomegabet: folds 
auldstevie: folds 
KramSS: checks 
*** FLOP *** [9d Jh 4c]
KramSS: checks 
RohanV: checks 
*** TURN *** [9d Jh 4c] [Jc]
KramSS: checks 
RohanV: checks 
*** RIVER *** [9d Jh 4c Jc] [Jd]
KramSS: checks 
RohanV: bets $0.12
KramSS: folds 
Uncalled bet ($0.12) returned to RohanV
RohanV collected $0.24 from pot
*** SUMMARY ***
Total pot $0.25 | Rake $0.01 
Board [9d Jh 4c Jc Jd]
Seat 1: teddyKK folded before Flop (didn't bet)
Seat 2: RohanV collected ($0.24)
Seat 3: alfaomegabet (button) folded before Flop (didn't bet)
Seat 4: auldstevie (small blind) folded before Flop
Seat 5: KramSS (big blind) folded on the River
Seat 6: skems123 folded before Flop (didn't bet)



PokerStars Hand #222942107947:  Hold'em No Limit ($0.05/$0.10 USD) - 2021/01/23 21:55:59 ET
Table 'Rosamunde III' 6-max Seat #4 is the button
Seat 1: teddyKK ($16.09 in chips) 
Seat 2: RohanV ($14.08 in chips) 
Seat 3: alfaomegabet ($12.18 in chips) 
Seat 4: auldstevie ($10.10 in chips) 
Seat 5: KramSS ($10 in chips) 
Seat 6: skems123 ($19.40 in chips) 
KramSS: posts small blind $0.05
skems123: posts big blind $0.10
*** HOLE CARDS ***
teddyKK: folds 
RohanV: folds 
alfaomegabet: raises $0.20 to $0.30
auldstevie: folds 
KramSS: folds 
skems123: calls $0.20
*** FLOP *** [Js Th 8s]
skems123: checks 
alfaomegabet: bets $0.20
skems123: folds 
Uncalled bet ($0.20) returned to alfaomegabet
alfaomegabet collected $0.62 from pot
alfaomegabet: doesn't show hand 
*** SUMMARY ***
Total pot $0.65 | Rake $0.03 
Board [Js Th 8s]
Seat 1: teddyKK folded before Flop (didn't bet)
Seat 2: RohanV folded before Flop (didn't bet)
Seat 3: alfaomegabet collected ($0.62)
Seat 4: auldstevie (button) folded before Flop (didn't bet)
Seat 5: KramSS (small blind) folded before Flop
Seat 6: skems123 (big blind) folded on the Flop



PokerStars Hand #222942114575:  Hold'em No Limit ($0.05/$0.10 USD) - 2021/01/23 21:56:23 ET
Table 'Rosamunde III' 6-max Seat #5 is the button
Seat 2: RohanV ($14.08 in chips) 
Seat 3: alfaomegabet ($12.50 in chips) 
Seat 4: auldstevie ($10.10 in chips) 
Seat 5: KramSS ($10 in chips) 
Seat 6: skems123 ($19.10 in chips) 
skems123: posts small blind $0.05
teddyKK: is sitting out 
RohanV: posts big blind $0.10
*** HOLE CARDS ***
alfaomegabet: folds 
teddyKK leaves the table
gor580 joins the table at seat #1 
auldstevie: folds 
KramSS: raises $0.15 to $0.25
skems123: calls $0.20
RohanV: folds 
*** FLOP *** [Qh 7h Kd]
skems123: checks 
KramSS: checks 
*** TURN *** [Qh 7h Kd] [9s]
skems123: checks 
KramSS: checks 
*** RIVER *** [Qh 7h Kd 9s] [Kc]
skems123: checks 
KramSS: checks 
*** SHOW DOWN ***
skems123: shows [6c 6s] (two pair, Kings and Sixes)
KramSS: mucks hand 
skems123 collected $0.57 from pot
*** SUMMARY ***
Total pot $0.60 | Rake $0.03 
Board [Qh 7h Kd 9s Kc]
Seat 2: RohanV (big blind) folded before Flop
Seat 3: alfaomegabet folded before Flop (didn't bet)
Seat 4: auldstevie folded before Flop (didn't bet)
Seat 5: KramSS (button) mucked
Seat 6: skems123 (small blind) showed [6c 6s] and won ($0.57) with two pair, Kings and Sixes



PokerStars Hand #222942129336:  Hold'em No Limit ($0.05/$0.10 USD) - 2021/01/23 21:57:15 ET
Table 'Rosamunde III' 6-max Seat #6 is the button
Seat 2: RohanV ($13.98 in chips) 
Seat 3: alfaomegabet ($12.50 in chips) 
Seat 4: auldstevie ($10.10 in chips) 
Seat 5: KramSS ($10 in chips) 
Seat 6: skems123 ($19.42 in chips) 
RohanV: posts small blind $0.05
alfaomegabet: posts big blind $0.10
*** HOLE CARDS ***
auldstevie: raises $0.15 to $0.25
KramSS: folds 
skems123: calls $0.25
RohanV: calls $0.20
alfaomegabet: folds 
*** FLOP *** [2s 9d 5c]
RohanV: checks 
auldstevie: checks 
skems123: checks 
*** TURN *** [2s 9d 5c] [Ac]
RohanV: checks 
auldstevie: checks 
skems123: bets $0.40
RohanV: folds 
auldstevie: folds 
Uncalled bet ($0.40) returned to skems123
skems123 collected $0.81 from pot
skems123: doesn't show hand 
*** SUMMARY ***
Total pot $0.85 | Rake $0.04 
Board [2s 9d 5c Ac]
Seat 2: RohanV (small blind) folded on the Turn
Seat 3: alfaomegabet (big blind) folded before Flop
Seat 4: auldstevie folded on the Turn
Seat 5: KramSS folded before Flop (didn't bet)
Seat 6: skems123 (button) collected ($0.81)



PokerStars Hand #222942144134:  Hold'em No Limit ($0.05/$0.10 USD) - 2021/01/23 21:58:08 ET
Table 'Rosamunde III' 6-max Seat #2 is the button
Seat 2: RohanV ($13.73 in chips) 
Seat 3: alfaomegabet ($12.40 in chips) 
Seat 4: auldstevie ($10 in chips) 
Seat 5: KramSS ($10 in chips) 
Seat 6: skems123 ($19.98 in chips) 
alfaomegabet: posts small blind $0.05
auldstevie: posts big blind $0.10
gor580: sits out 
*** HOLE CARDS ***
KramSS: folds 
skems123: folds 
RohanV: folds 
alfaomegabet: folds 
Uncalled bet ($0.05) returned to auldstevie
auldstevie collected $0.10 from pot
auldstevie: doesn't show hand 
*** SUMMARY ***
Total pot $0.10 | Rake $0 
Seat 2: RohanV (button) folded before Flop (didn't bet)
Seat 3: alfaomegabet (small blind) folded before Flop
Seat 4: auldstevie (big blind) collected ($0.10)
Seat 5: KramSS folded before Flop (didn't bet)
Seat 6: skems123 folded before Flop (didn't bet)



PokerStars Hand #222942146254:  Hold'em No Limit ($0.05/$0.10 USD) - 2021/01/23 21:58:16 ET
Table 'Rosamunde III' 6-max Seat #3 is the button
Seat 2: RohanV ($13.73 in chips) 
Seat 3: alfaomegabet ($12.35 in chips) 
Seat 4: auldstevie ($10.05 in chips) 
Seat 5: KramSS ($10 in chips) 
Seat 6: skems123 ($19.98 in chips) 
auldstevie: posts small blind $0.05
KramSS: posts big blind $0.10
gor580: sits out 
*** HOLE CARDS ***
skems123: folds 
RohanV has timed out
RohanV: folds 
alfaomegabet: folds 
alfaomegabet leaves the table
auldstevie: raises $0.15 to $0.25
KramSS: raises $0.65 to $0.90
negritos81 joins the table at seat #3 
auldstevie: folds 
Uncalled bet ($0.65) returned to KramSS
KramSS collected $0.50 from pot
KramSS: doesn't show hand 
*** SUMMARY ***
Total pot $0.50 | Rake $0 
Seat 2: RohanV folded before Flop (didn't bet)
Seat 3: alfaomegabet (button) folded before Flop (didn't bet)
Seat 4: auldstevie (small blind) folded before Flop
Seat 5: KramSS (big blind) collected ($0.50)
Seat 6: skems123 folded before Flop (didn't bet)



PokerStars Hand #222942157857:  Hold'em No Limit ($0.05/$0.10 USD) - 2021/01/23 21:58:57 ET
Table 'Rosamunde III' 6-max Seat #4 is the button
Seat 2: RohanV ($13.73 in chips) 
Seat 4: auldstevie ($10 in chips) 
Seat 5: KramSS ($10.25 in chips) 
Seat 6: skems123 ($19.98 in chips) 
KramSS: posts small blind $0.05
skems123: posts big blind $0.10
gor580: sits out 
negritos81: sits out 
*** HOLE CARDS ***
RohanV: calls $0.10
auldstevie: raises $0.20 to $0.30
KramSS: folds 
skems123: folds 
RohanV: calls $0.20
*** FLOP *** [Kc 2s 4h]
RohanV: checks 
auldstevie: bets $0.54
RohanV: calls $0.54
*** TURN *** [Kc 2s 4h] [9s]
RohanV: checks 
auldstevie: bets $1.31
RohanV: calls $1.31
*** RIVER *** [Kc 2s 4h 9s] [Ac]
RohanV: checks 
auldstevie: checks 
*** SHOW DOWN ***
RohanV: shows [Qc Ks] (a pair of Kings)
auldstevie: mucks hand 
RohanV collected $4.25 from pot
*** SUMMARY ***
Total pot $4.45 | Rake $0.20 
Board [Kc 2s 4h 9s Ac]
Seat 2: RohanV showed [Qc Ks] and won ($4.25) with a pair of Kings
Seat 4: auldstevie (button) mucked
Seat 5: KramSS (small blind) folded before Flop
Seat 6: skems123 (big blind) folded before Flop



PokerStars Hand #222942172946:  Hold'em No Limit ($0.05/$0.10 USD) - 2021/01/23 21:59:51 ET
Table 'Rosamunde III' 6-max Seat #5 is the button
Seat 1: gor580 ($10 in chips) 
Seat 2: RohanV ($15.83 in chips) 
Seat 4: auldstevie ($10 in chips) 
Seat 5: KramSS ($10.20 in chips) 
Seat 6: skems123 ($19.88 in chips) 
skems123: posts small blind $0.05
gor580: posts big blind $0.10
negritos81: sits out 
*** HOLE CARDS ***
RohanV has timed out
RohanV: folds 
auldstevie: raises $0.20 to $0.30
KramSS: folds 
skems123: folds 
gor580: folds 
Uncalled bet ($0.20) returned to auldstevie
auldstevie collected $0.25 from pot
auldstevie: doesn't show hand 
*** SUMMARY ***
Total pot $0.25 | Rake $0 
Seat 1: gor580 (big blind) folded before Flop
Seat 2: RohanV folded before Flop (didn't bet)
Seat 4: auldstevie collected ($0.25)
Seat 5: KramSS (button) folded before Flop (didn't bet)
Seat 6: skems123 (small blind) folded before Flop



PokerStars Hand #222942179714:  Hold'em No Limit ($0.05/$0.10 USD) - 2021/01/23 22:00:13 ET
Table 'Rosamunde III' 6-max Seat #6 is the button
Seat 1: gor580 ($10 in chips) 
Seat 2: RohanV ($15.83 in chips) 
Seat 4: auldstevie ($10.15 in chips) 
Seat 5: KramSS ($10.20 in chips) 
Seat 6: skems123 ($19.83 in chips) 
gor580: posts small blind $0.05
RohanV: posts big blind $0.10
negritos81: sits out 
*** HOLE CARDS ***
auldstevie: folds 
KramSS: folds 
skems123: raises $0.15 to $0.25
gor580: folds 
RohanV: raises $0.55 to $0.80
skems123: raises $1 to $1.80
RohanV: raises $1 to $2.80
skems123: calls $1
*** FLOP *** [8c Ks 4h]
RohanV: bets $2.30
skems123: folds 
Uncalled bet ($2.30) returned to RohanV
RohanV collected $5.40 from pot
*** SUMMARY ***
Total pot $5.65 | Rake $0.25 
Board [8c Ks 4h]
Seat 1: gor580 (small blind) folded before Flop
Seat 2: RohanV (big blind) collected ($5.40)
Seat 4: auldstevie folded before Flop (didn't bet)
Seat 5: KramSS folded before Flop (didn't bet)
Seat 6: skems123 (button) folded on the Flop



PokerStars Hand #222942199051:  Hold'em No Limit ($0.05/$0.10 USD) - 2021/01/23 22:01:08 ET
Table 'Rosamunde III' 6-max Seat #1 is the button
Seat 1: gor580 ($10 in chips) 
Seat 2: RohanV ($18.43 in chips) 
Seat 3: negritos81 ($10 in chips) 
Seat 4: auldstevie ($10.15 in chips) 
Seat 5: KramSS ($10.20 in chips) 
Seat 6: skems123 ($17.03 in chips) 
RohanV: posts small blind $0.05
negritos81: posts big blind $0.10
*** HOLE CARDS ***
auldstevie: folds 
KramSS: raises $0.20 to $0.30
skems123: folds 
gor580: folds 
RohanV: calls $0.25
negritos81: calls $0.20
*** FLOP *** [3h Tc 6c]
RohanV: checks 
negritos81: checks 
KramSS: bets $0.50
RohanV: calls $0.50
negritos81: folds 
*** TURN *** [3h Tc 6c] [Js]
RohanV: checks 
KramSS: bets $1.05
RohanV: folds 
Uncalled bet ($1.05) returned to KramSS
KramSS collected $1.81 from pot
KramSS: doesn't show hand 
*** SUMMARY ***
Total pot $1.90 | Rake $0.09 
Board [3h Tc 6c Js]
Seat 1: gor580 (button) folded before Flop (didn't bet)
Seat 2: RohanV (small blind) folded on the Turn
Seat 3: negritos81 (big blind) folded on the Flop
Seat 4: auldstevie folded before Flop (didn't bet)
Seat 5: KramSS collected ($1.81)
Seat 6: skems123 folded before Flop (didn't bet)



PokerStars Hand #222942219857:  Hold'em No Limit ($0.05/$0.10 USD) - 2021/01/23 22:02:03 ET
Table 'Rosamunde III' 6-max Seat #2 is the button
Seat 1: gor580 ($10 in chips) 
Seat 2: RohanV ($17.63 in chips) 
Seat 3: negritos81 ($10 in chips) 
Seat 4: auldstevie ($10.15 in chips) 
Seat 5: KramSS ($11.21 in chips) 
Seat 6: skems123 ($17.03 in chips) 
negritos81: posts small blind $0.05
auldstevie: posts big blind $0.10
*** HOLE CARDS ***
KramSS: folds 
skems123: folds 
gor580: folds 
RohanV: folds 
negritos81: folds 
Uncalled bet ($0.05) returned to auldstevie
auldstevie collected $0.10 from pot
auldstevie: doesn't show hand 
*** SUMMARY ***
Total pot $0.10 | Rake $0 
Seat 1: gor580 folded before Flop (didn't bet)
Seat 2: RohanV (button) folded before Flop (didn't bet)
Seat 3: negritos81 (small blind) folded before Flop
Seat 4: auldstevie (big blind) collected ($0.10)
Seat 5: KramSS folded before Flop (didn't bet)
Seat 6: skems123 folded before Flop (didn't bet)



PokerStars Hand #222942223553:  Hold'em No Limit ($0.05/$0.10 USD) - 2021/01/23 22:02:13 ET
Table 'Rosamunde III' 6-max Seat #3 is the button
Seat 1: gor580 ($10 in chips) 
Seat 2: RohanV ($17.63 in chips) 
Seat 3: negritos81 ($10 in chips) 
Seat 4: auldstevie ($10.20 in chips) 
auldstevie: posts small blind $0.05
KramSS: is sitting out 
skems123: is sitting out 
gor580: posts big blind $0.10
*** HOLE CARDS ***
RohanV: folds 
skems123 leaves the table
negritos81: raises $0.20 to $0.30
auldstevie: raises $0.90 to $1.20
gor580: folds 
father here joins the table at seat #6 
negritos81: folds 
Uncalled bet ($0.90) returned to auldstevie
auldstevie collected $0.70 from pot
auldstevie: doesn't show hand 
*** SUMMARY ***
Total pot $0.70 | Rake $0 
Seat 1: gor580 (big blind) folded before Flop
Seat 2: RohanV folded before Flop (didn't bet)
Seat 3: negritos81 (button) folded before Flop
Seat 4: auldstevie (small blind) collected ($0.70)



PokerStars Hand #222942235841:  Hold'em No Limit ($0.05/$0.10 USD) - 2021/01/23 22:02:45 ET
Table 'Rosamunde III' 6-max Seat #4 is the button
Seat 1: gor580 ($10 in chips) 
Seat 2: RohanV ($17.63 in chips) 
Seat 3: negritos81 ($10 in chips) 
Seat 4: auldstevie ($10.60 in chips) 
gor580: posts small blind $0.05
RohanV: posts big blind $0.10
*** HOLE CARDS ***
KramSS leaves the table
negritos81: folds 
auldstevie: folds 
gor580: raises $0.15 to $0.25
RohanV: calls $0.15
*** FLOP *** [6c 2c Kd]
gor580: bets $0.29
RohanV: calls $0.29
*** TURN *** [6c 2c Kd] [5h]
gor580: checks 
VIOLET 1998 joins the table at seat #5 
RohanV: checks 
*** RIVER *** [6c 2c Kd 5h] [7s]
gor580: checks 
RohanV: bets $1.13
gor580: folds 
Uncalled bet ($1.13) returned to RohanV
RohanV collected $1.03 from pot
*** SUMMARY ***
Total pot $1.08 | Rake $0.05 
Board [6c 2c Kd 5h 7s]
Seat 1: gor580 (small blind) folded on the River
Seat 2: RohanV (big blind) collected ($1.03)
Seat 3: negritos81 folded before Flop (didn't bet)
Seat 4: auldstevie (button) folded before Flop (didn't bet)



PokerStars Hand #222942257098:  Hold'em No Limit ($0.05/$0.10 USD) - 2021/01/23 22:03:41 ET
Table 'Rosamunde III' 6-max Seat #1 is the button
Seat 1: gor580 ($10 in chips) 
Seat 2: RohanV ($18.12 in chips) 
Seat 3: negritos81 ($10 in chips) 
Seat 4: auldstevie ($10.60 in chips) 
RohanV: posts small blind $0.05
negritos81: posts big blind $0.10
VIOLET 1998: sits out 
father here: sits out 
*** HOLE CARDS ***
auldstevie: raises $0.15 to $0.25
gor580: folds 
RohanV: calls $0.20
negritos81: calls $0.15
*** FLOP *** [9c 2d Kh]
RohanV: checks 
negritos81: checks 
auldstevie: bets $0.36
RohanV: folds 
negritos81: calls $0.36
*** TURN *** [9c 2d Kh] [Ts]
negritos81: checks 
auldstevie: checks 
*** RIVER *** [9c 2d Kh Ts] [2h]
negritos81: checks 
auldstevie: checks 
*** SHOW DOWN ***
negritos81: shows [Qd Td] (two pair, Tens and Deuces)
auldstevie: mucks hand 
negritos81 collected $1.40 from pot
*** SUMMARY ***
Total pot $1.47 | Rake $0.07 
Board [9c 2d Kh Ts 2h]
Seat 1: gor580 (button) folded before Flop (didn't bet)
Seat 2: RohanV (small blind) folded on the Flop
Seat 3: negritos81 (big blind) showed [Qd Td] and won ($1.40) with two pair, Tens and Deuces
Seat 4: auldstevie mucked



PokerStars Hand #222942284606:  Hold'em No Limit ($0.05/$0.10 USD) - 2021/01/23 22:04:52 ET
Table 'Rosamunde III' 6-max Seat #2 is the button
Seat 1: gor580 ($10 in chips) 
Seat 2: RohanV ($17.87 in chips) 
Seat 4: auldstevie ($10 in chips) 
Seat 5: VIOLET 1998 ($8 in chips) 
auldstevie: posts small blind $0.05
VIOLET 1998: posts big blind $0.10
father here: sits out 
*** HOLE CARDS ***
gor580: folds 
RohanV: folds 
auldstevie: folds 
Uncalled bet ($0.05) returned to VIOLET 1998
VIOLET 1998 collected $0.10 from pot
VIOLET 1998: doesn't show hand 
*** SUMMARY ***
Total pot $0.10 | Rake $0 
Seat 1: gor580 folded before Flop (didn't bet)
Seat 2: RohanV (button) folded before Flop (didn't bet)
Seat 4: auldstevie (small blind) folded before Flop
Seat 5: VIOLET 1998 (big blind) collected ($0.10)



PokerStars Hand #222942288744:  Hold'em No Limit ($0.05/$0.10 USD) - 2021/01/23 22:05:02 ET
Table 'Rosamunde III' 6-max Seat #4 is the button
Seat 1: gor580 ($10 in chips) 
Seat 2: RohanV ($17.87 in chips) 
Seat 4: auldstevie ($10 in chips) 
Seat 5: VIOLET 1998 ($8.05 in chips) 
Seat 6: father here ($10 in chips) 
VIOLET 1998: posts small blind $0.05
father here: posts big blind $0.10
*** HOLE CARDS ***
negritos81 joins the table at seat #3 
gor580: folds 
RohanV: raises $0.10 to $0.20
auldstevie: folds 
VIOLET 1998: calls $0.15
father here: folds 
*** FLOP *** [4c 8h 9h]
VIOLET 1998: checks 
RohanV: bets $0.34
VIOLET 1998: calls $0.34
*** TURN *** [4c 8h 9h] [Td]
VIOLET 1998: bets $0.56
RohanV: raises $0.66 to $1.22
VIOLET 1998: folds 
Uncalled bet ($0.66) returned to RohanV
RohanV collected $2.20 from pot
*** SUMMARY ***
Total pot $2.30 | Rake $0.10 
Board [4c 8h 9h Td]
Seat 1: gor580 folded before Flop (didn't bet)
Seat 2: RohanV collected ($2.20)
Seat 4: auldstevie (button) folded before Flop (didn't bet)
Seat 5: VIOLET 1998 (small blind) folded on the Turn
Seat 6: father here (big blind) folded before Flop



PokerStars Hand #222942301729:  Hold'em No Limit ($0.05/$0.10 USD) - 2021/01/23 22:05:36 ET
Table 'Rosamunde III' 6-max Seat #5 is the button
Seat 1: gor580 ($10 in chips) 
Seat 2: RohanV ($18.97 in chips) 
Seat 4: auldstevie ($10 in chips) 
Seat 5: VIOLET 1998 ($6.95 in chips) 
Seat 6: father here ($10 in chips) 
father here: posts small blind $0.05
gor580: posts big blind $0.10
negritos81: sits out 
*** HOLE CARDS ***
RohanV: folds 
auldstevie: folds 
VIOLET 1998: calls $0.10
father here: folds 
gor580: checks 
*** FLOP *** [2d 3d 8c]
gor580: checks 
VIOLET 1998: checks 
*** TURN *** [2d 3d 8c] [Jh]
gor580: bets $0.16
VIOLET 1998: calls $0.16
*** RIVER *** [2d 3d 8c Jh] [Ks]
gor580: bets $0.43
VIOLET 1998: raises $0.43 to $0.86
gor580: raises $2.26 to $3.12
VIOLET 1998: calls $2.26
*** SHOW DOWN ***
gor580: shows [8d 8s] (three of a kind, Eights)
VIOLET 1998: mucks hand 
gor580 collected $6.50 from pot
*** SUMMARY ***
Total pot $6.81 | Rake $0.31 
Board [2d 3d 8c Jh Ks]
Seat 1: gor580 (big blind) showed [8d 8s] and won ($6.50) with three of a kind, Eights
Seat 2: RohanV folded before Flop (didn't bet)
Seat 4: auldstevie folded before Flop (didn't bet)
Seat 5: VIOLET 1998 (button) mucked
Seat 6: father here (small blind) folded before Flop



PokerStars Hand #222942316867:  Hold'em No Limit ($0.05/$0.10 USD) - 2021/01/23 22:06:16 ET
Table 'Rosamunde III' 6-max Seat #6 is the button
Seat 1: gor580 ($13.12 in chips) 
Seat 2: RohanV ($18.97 in chips) 
Seat 4: auldstevie ($10 in chips) 
Seat 5: VIOLET 1998 ($3.57 in chips) 
Seat 6: father here ($10 in chips) 
gor580: posts small blind $0.05
RohanV: posts big blind $0.10
negritos81: sits out 
*** HOLE CARDS ***
auldstevie: folds 
VIOLET 1998: calls $0.10
father here: folds 
gor580: folds 
RohanV: checks 
*** FLOP *** [Jd Qh Kd]
RohanV: checks 
VIOLET 1998: bets $0.24
RohanV: raises $0.66 to $0.90
VIOLET 1998: calls $0.66
*** TURN *** [Jd Qh Kd] [Th]
RohanV: checks 
VIOLET 1998: checks 
*** RIVER *** [Jd Qh Kd Th] [6s]
RohanV: bets $17.97 and is all-in
VIOLET 1998: folds 
Uncalled bet ($17.97) returned to RohanV
RohanV collected $1.96 from pot
*** SUMMARY ***
Total pot $2.05 | Rake $0.09 
Board [Jd Qh Kd Th 6s]
Seat 1: gor580 (small blind) folded before Flop
Seat 2: RohanV (big blind) collected ($1.96)
Seat 4: auldstevie folded before Flop (didn't bet)
Seat 5: VIOLET 1998 folded on the River
Seat 6: father here (button) folded before Flop (didn't bet)



PokerStars Hand #222942334806:  Hold'em No Limit ($0.05/$0.10 USD) - 2021/01/23 22:06:55 ET
Table 'Rosamunde III' 6-max Seat #1 is the button
Seat 1: gor580 ($13.07 in chips) 
Seat 2: RohanV ($19.93 in chips) 
Seat 3: negritos81 ($10.79 in chips) 
Seat 4: auldstevie ($10 in chips) 
Seat 5: VIOLET 1998 ($2.57 in chips) 
Seat 6: father here ($10 in chips) 
RohanV: posts small blind $0.05
negritos81: posts big blind $0.10
*** HOLE CARDS ***
auldstevie: folds 
VIOLET 1998: folds 
VIOLET 1998 leaves the table
father here: folds 
gor580: folds 
RohanV: calls $0.05
negritos81: checks 
*** FLOP *** [As Js Jh]
RohanV: bets $0.10
negritos81: folds 
Uncalled bet ($0.10) returned to RohanV
RohanV collected $0.19 from pot
*** SUMMARY ***
Total pot $0.20 | Rake $0.01 
Board [As Js Jh]
Seat 1: gor580 (button) folded before Flop (didn't bet)
Seat 2: RohanV (small blind) collected ($0.19)
Seat 3: negritos81 (big blind) folded on the Flop
Seat 4: auldstevie folded before Flop (didn't bet)
Seat 5: VIOLET 1998 folded before Flop (didn't bet)
Seat 6: father here folded before Flop (didn't bet)



PokerStars Hand #222942347677:  Hold'em No Limit ($0.05/$0.10 USD) - 2021/01/23 22:07:29 ET
Table 'Rosamunde III' 6-max Seat #2 is the button
Seat 1: gor580 ($13.07 in chips) 
Seat 2: RohanV ($20.02 in chips) 
Seat 3: negritos81 ($10.69 in chips) 
Seat 4: auldstevie ($10 in chips) 
Seat 6: father here ($10 in chips) 
negritos81: posts small blind $0.05
auldstevie: posts big blind $0.10
*** HOLE CARDS ***
father here: folds 
gor580: folds 
RohanV: calls $0.10
negritos81: folds 
auldstevie: checks 
*** FLOP *** [8s 7s Tc]
auldstevie: checks 
RohanV: bets $0.24
auldstevie: folds 
Uncalled bet ($0.24) returned to RohanV
RohanV collected $0.24 from pot
*** SUMMARY ***
Total pot $0.25 | Rake $0.01 
Board [8s 7s Tc]
Seat 1: gor580 folded before Flop (didn't bet)
Seat 2: RohanV (button) collected ($0.24)
Seat 3: negritos81 (small blind) folded before Flop
Seat 4: auldstevie (big blind) folded on the Flop
Seat 6: father here folded before Flop (didn't bet)



PokerStars Hand #222942357176:  Hold'em No Limit ($0.05/$0.10 USD) - 2021/01/23 22:07:53 ET
Table 'Rosamunde III' 6-max Seat #3 is the button
Seat 1: gor580 ($13.07 in chips) 
Seat 2: RohanV ($20.16 in chips) 
Seat 3: negritos81 ($10.64 in chips) 
Seat 4: auldstevie ($10 in chips) 
Seat 6: father here ($10 in chips) 
auldstevie: posts small blind $0.05
father here: posts big blind $0.10
*** HOLE CARDS ***
gor580: folds 
RohanV: folds 
negritos81: raises $0.20 to $0.30
auldstevie: folds 
father here: folds 
Uncalled bet ($0.20) returned to negritos81
negritos81 collected $0.25 from pot
negritos81: doesn't show hand 
*** SUMMARY ***
Total pot $0.25 | Rake $0 
Seat 1: gor580 folded before Flop (didn't bet)
Seat 2: RohanV folded before Flop (didn't bet)
Seat 3: negritos81 (button) collected ($0.25)
Seat 4: auldstevie (small blind) folded before Flop
Seat 6: father here (big blind) folded before Flop



PokerStars Hand #222942363386:  Hold'em No Limit ($0.05/$0.10 USD) - 2021/01/23 22:08:10 ET
Table 'Rosamunde III' 6-max Seat #4 is the button
Seat 1: gor580 ($13.07 in chips) 
Seat 2: RohanV ($20.16 in chips) 
Seat 3: negritos81 ($10.79 in chips) 
Seat 4: auldstevie ($10 in chips) 
Seat 6: father here ($10 in chips) 
father here: posts small blind $0.05
gor580: posts big blind $0.10
*** HOLE CARDS ***
nocando012 joins the table at seat #5 
RohanV has timed out
RohanV: folds 
negritos81: folds 
auldstevie: folds 
father here: raises $0.10 to $0.20
gor580: calls $0.10
*** FLOP *** [7s 4d 5d]
father here: bets $0.30
gor580: calls $0.30
*** TURN *** [7s 4d 5d] [Qs]
father here: checks 
gor580: checks 
*** RIVER *** [7s 4d 5d Qs] [Qh]
father here: checks 
gor580: bets $0.64
father here: folds 
Uncalled bet ($0.64) returned to gor580
gor580 collected $0.96 from pot
gor580: doesn't show hand 
*** SUMMARY ***
Total pot $1 | Rake $0.04 
Board [7s 4d 5d Qs Qh]
Seat 1: gor580 (big blind) collected ($0.96)
Seat 2: RohanV folded before Flop (didn't bet)
Seat 3: negritos81 folded before Flop (didn't bet)
Seat 4: auldstevie (button) folded before Flop (didn't bet)
Seat 6: father here (small blind) folded on the River



PokerStars Hand #222942405410:  Hold'em No Limit ($0.05/$0.10 USD) - 2021/01/23 22:09:46 ET
Table 'Rosamunde III' 6-max Seat #6 is the button
Seat 1: gor580 ($13.53 in chips) 
Seat 2: RohanV ($20.16 in chips) 
Seat 3: negritos81 ($10.79 in chips) 
Seat 4: auldstevie ($10 in chips) 
Seat 5: nocando012 ($8 in chips) 
Seat 6: father here ($10 in chips) 
gor580: posts small blind $0.05
RohanV: posts big blind $0.10
nocando012: posts big blind $0.10
*** HOLE CARDS ***
negritos81: raises $0.40 to $0.50
auldstevie: folds 
nocando012: folds 
father here: folds 
gor580: folds 
RohanV: folds 
Uncalled bet ($0.40) returned to negritos81
negritos81 collected $0.35 from pot
negritos81: doesn't show hand 
*** SUMMARY ***
Total pot $0.35 | Rake $0 
Seat 1: gor580 (small blind) folded before Flop
Seat 2: RohanV (big blind) folded before Flop
Seat 3: negritos81 collected ($0.35)
Seat 4: auldstevie folded before Flop (didn't bet)
Seat 5: nocando012 folded before Flop (didn't bet)
Seat 6: father here (button) folded before Flop (didn't bet)



PokerStars Hand #222942419453:  Hold'em No Limit ($0.05/$0.10 USD) - 2021/01/23 22:10:22 ET
Table 'Rosamunde III' 6-max Seat #1 is the button
Seat 1: gor580 ($13.48 in chips) 
Seat 2: RohanV ($20.06 in chips) 
Seat 3: negritos81 ($11.04 in chips) 
Seat 4: auldstevie ($10 in chips) 
Seat 5: nocando012 ($7.90 in chips) 
Seat 6: father here ($10 in chips) 
RohanV: posts small blind $0.05
negritos81: posts big blind $0.10
*** HOLE CARDS ***
auldstevie: folds 
nocando012: folds 
father here: folds 
gor580: raises $0.15 to $0.25
RohanV: folds 
negritos81: raises $0.95 to $1.20
gor580: folds 
Uncalled bet ($0.95) returned to negritos81
negritos81 collected $0.55 from pot
negritos81: doesn't show hand 
*** SUMMARY ***
Total pot $0.55 | Rake $0 
Seat 1: gor580 (button) folded before Flop
Seat 2: RohanV (small blind) folded before Flop
Seat 3: negritos81 (big blind) collected ($0.55)
Seat 4: auldstevie folded before Flop (didn't bet)
Seat 5: nocando012 folded before Flop (didn't bet)
Seat 6: father here folded before Flop (didn't bet)



PokerStars Hand #222942431032:  Hold'em No Limit ($0.05/$0.10 USD) - 2021/01/23 22:10:45 ET
Table 'Rosamunde III' 6-max Seat #2 is the button
Seat 1: gor580 ($13.23 in chips) 
Seat 2: RohanV ($20.01 in chips) 
Seat 3: negritos81 ($11.34 in chips) 
Seat 4: auldstevie ($10 in chips) 
Seat 5: nocando012 ($7.90 in chips) 
Seat 6: father here ($10 in chips) 
negritos81: posts small blind $0.05
auldstevie: posts big blind $0.10
*** HOLE CARDS ***
nocando012: folds 
father here: raises $0.30 to $0.40
gor580: folds 
RohanV: calls $0.40
negritos81: folds 
auldstevie: folds 
*** FLOP *** [6h Jd Kh]
father here: bets $0.40
RohanV: calls $0.40
*** TURN *** [6h Jd Kh] [Js]
father here: checks 
RohanV: checks 
*** RIVER *** [6h Jd Kh Js] [Ad]
father here: checks 
RohanV: bets $0.93
father here: folds 
Uncalled bet ($0.93) returned to RohanV
RohanV collected $1.67 from pot
*** SUMMARY ***
Total pot $1.75 | Rake $0.08 
Board [6h Jd Kh Js Ad]
Seat 1: gor580 folded before Flop (didn't bet)
Seat 2: RohanV (button) collected ($1.67)
Seat 3: negritos81 (small blind) folded before Flop
Seat 4: auldstevie (big blind) folded before Flop
Seat 5: nocando012 folded before Flop (didn't bet)
Seat 6: father here folded on the River



PokerStars Hand #222942448118:  Hold'em No Limit ($0.05/$0.10 USD) - 2021/01/23 22:11:31 ET
Table 'Rosamunde III' 6-max Seat #3 is the button
Seat 1: gor580 ($13.23 in chips) 
Seat 2: RohanV ($20.88 in chips) 
Seat 3: negritos81 ($11.29 in chips) 
Seat 4: auldstevie ($10 in chips) 
Seat 5: nocando012 ($7.90 in chips) 
Seat 6: father here ($10 in chips) 
auldstevie: posts small blind $0.05
nocando012: posts big blind $0.10
*** HOLE CARDS ***
father here: raises $0.30 to $0.40
gor580: folds 
RohanV: folds 
negritos81: folds 
auldstevie: folds 
nocando012: folds 
Uncalled bet ($0.30) returned to father here
father here collected $0.25 from pot
*** SUMMARY ***
Total pot $0.25 | Rake $0 
Seat 1: gor580 folded before Flop (didn't bet)
Seat 2: RohanV folded before Flop (didn't bet)
Seat 3: negritos81 (button) folded before Flop (didn't bet)
Seat 4: auldstevie (small blind) folded before Flop
Seat 5: nocando012 (big blind) folded before Flop
Seat 6: father here collected ($0.25)



PokerStars Hand #222942458523:  Hold'em No Limit ($0.05/$0.10 USD) - 2021/01/23 22:11:58 ET
Table 'Rosamunde III' 6-max Seat #4 is the button
Seat 1: gor580 ($13.23 in chips) 
Seat 2: RohanV ($20.88 in chips) 
Seat 3: negritos81 ($11.29 in chips) 
Seat 4: auldstevie ($10 in chips) 
Seat 5: nocando012 ($7.80 in chips) 
nocando012: posts small blind $0.05
father here: is sitting out 
gor580: posts big blind $0.10
*** HOLE CARDS ***
RohanV: raises $0.10 to $0.20
negritos81: folds 
auldstevie: calls $0.20
nocando012: calls $0.15
gor580: folds 
*** FLOP *** [2c Jh Ac]
nocando012: checks 
RohanV: bets $0.43
father here leaves the table
auldstevie: folds 
nocando012: folds 
Uncalled bet ($0.43) returned to RohanV
RohanV collected $0.67 from pot
*** SUMMARY ***
Total pot $0.70 | Rake $0.03 
Board [2c Jh Ac]
Seat 1: gor580 (big blind) folded before Flop
Seat 2: RohanV collected ($0.67)
Seat 3: negritos81 folded before Flop (didn't bet)
Seat 4: auldstevie (button) folded on the Flop
Seat 5: nocando012 (small blind) folded on the Flop



PokerStars Hand #222942469261:  Hold'em No Limit ($0.05/$0.10 USD) - 2021/01/23 22:12:27 ET
Table 'Rosamunde III' 6-max Seat #5 is the button
Seat 1: gor580 ($13.13 in chips) 
Seat 2: RohanV ($21.35 in chips) 
Seat 3: negritos81 ($11.29 in chips) 
Seat 4: auldstevie ($10 in chips) 
Seat 5: nocando012 ($7.60 in chips) 
gor580: posts small blind $0.05
RohanV: posts big blind $0.10
*** HOLE CARDS ***
negritos81: folds 
auldstevie: raises $0.20 to $0.30
nocando012: folds 
gor580: folds 
RohanV: folds 
Uncalled bet ($0.20) returned to auldstevie
auldstevie collected $0.25 from pot
auldstevie: doesn't show hand 
*** SUMMARY ***
Total pot $0.25 | Rake $0 
Seat 1: gor580 (small blind) folded before Flop
Seat 2: RohanV (big blind) folded before Flop
Seat 3: negritos81 folded before Flop (didn't bet)
Seat 4: auldstevie collected ($0.25)
Seat 5: nocando012 (button) folded before Flop (didn't bet)



PokerStars Hand #222942476977:  Hold'em No Limit ($0.05/$0.10 USD) - 2021/01/23 22:12:47 ET
Table 'Rosamunde III' 6-max Seat #1 is the button
Seat 1: gor580 ($13.08 in chips) 
Seat 2: RohanV ($21.25 in chips) 
Seat 3: negritos81 ($11.29 in chips) 
Seat 4: auldstevie ($10.15 in chips) 
Seat 5: nocando012 ($7.60 in chips) 
RohanV: posts small blind $0.05
negritos81: posts big blind $0.10
*** HOLE CARDS ***
auldstevie: folds 
nocando012: calls $0.10
gor580: folds 
RohanV: calls $0.05
bwwwny joins the table at seat #6 
negritos81: checks 
*** FLOP *** [Ad Qs 9d]
RohanV: checks 
negritos81: checks 
nocando012: checks 
*** TURN *** [Ad Qs 9d] [7h]
bwwwny leaves the table
RohanV: checks 
negritos81: checks 
nocando012: checks 
*** RIVER *** [Ad Qs 9d 7h] [5h]
Yearyeah joins the table at seat #6 
RohanV: checks 
negritos81: checks 
nocando012: checks 
*** SHOW DOWN ***
RohanV: shows [Td 8s] (high card Ace)
negritos81: mucks hand 
nocando012: shows [2h 2s] (a pair of Deuces)
nocando012 collected $0.29 from pot
*** SUMMARY ***
Total pot $0.30 | Rake $0.01 
Board [Ad Qs 9d 7h 5h]
Seat 1: gor580 (button) folded before Flop (didn't bet)
Seat 2: RohanV (small blind) showed [Td 8s] and lost with high card Ace
Seat 3: negritos81 (big blind) mucked
Seat 4: auldstevie folded before Flop (didn't bet)
Seat 5: nocando012 showed [2h 2s] and won ($0.29) with a pair of Deuces



PokerStars Hand #222942496854:  Hold'em No Limit ($0.05/$0.10 USD) - 2021/01/23 22:13:40 ET
Table 'Rosamunde III' 6-max Seat #2 is the button
Seat 1: gor580 ($13.08 in chips) 
Seat 2: RohanV ($21.15 in chips) 
Seat 3: negritos81 ($11.19 in chips) 
Seat 4: auldstevie ($10.15 in chips) 
Seat 5: nocando012 ($7.79 in chips) 
Seat 6: Yearyeah ($4.10 in chips) 
negritos81: posts small blind $0.05
auldstevie: posts big blind $0.10
Yearyeah: posts big blind $0.10
*** HOLE CARDS ***
nocando012: calls $0.10
Yearyeah: checks 
gor580: folds 
RohanV: folds 
negritos81: folds 
auldstevie: checks 
*** FLOP *** [2h Tc 8h]
auldstevie: checks 
nocando012: checks 
Yearyeah: bets $0.10
auldstevie: folds 
nocando012: folds 
Uncalled bet ($0.10) returned to Yearyeah
Yearyeah collected $0.33 from pot
Yearyeah: doesn't show hand 
*** SUMMARY ***
Total pot $0.35 | Rake $0.02 
Board [2h Tc 8h]
Seat 1: gor580 folded before Flop (didn't bet)
Seat 2: RohanV (button) folded before Flop (didn't bet)
Seat 3: negritos81 (small blind) folded before Flop
Seat 4: auldstevie (big blind) folded on the Flop
Seat 5: nocando012 folded on the Flop
Seat 6: Yearyeah collected ($0.33)



PokerStars Hand #222942507731:  Hold'em No Limit ($0.05/$0.10 USD) - 2021/01/23 22:14:09 ET
Table 'Rosamunde III' 6-max Seat #3 is the button
Seat 1: gor580 ($13.08 in chips) 
Seat 2: RohanV ($21.15 in chips) 
Seat 3: negritos81 ($11.14 in chips) 
Seat 4: auldstevie ($10.05 in chips) 
Seat 5: nocando012 ($7.69 in chips) 
Seat 6: Yearyeah ($4.33 in chips) 
auldstevie: posts small blind $0.05
nocando012: posts big blind $0.10
*** HOLE CARDS ***
Yearyeah: calls $0.10
gor580: folds 
RohanV: folds 
negritos81: raises $0.40 to $0.50
auldstevie: folds 
nocando012: folds 
Yearyeah: folds 
Uncalled bet ($0.40) returned to negritos81
negritos81 collected $0.35 from pot
negritos81: doesn't show hand 
*** SUMMARY ***
Total pot $0.35 | Rake $0 
Seat 1: gor580 folded before Flop (didn't bet)
Seat 2: RohanV folded before Flop (didn't bet)
Seat 3: negritos81 (button) collected ($0.35)
Seat 4: auldstevie (small blind) folded before Flop
Seat 5: nocando012 (big blind) folded before Flop
Seat 6: Yearyeah folded before Flop



PokerStars Hand #222942514401:  Hold'em No Limit ($0.05/$0.10 USD) - 2021/01/23 22:14:27 ET
Table 'Rosamunde III' 6-max Seat #4 is the button
Seat 1: gor580 ($13.08 in chips) 
Seat 2: RohanV ($21.15 in chips) 
Seat 3: negritos81 ($11.39 in chips) 
Seat 4: auldstevie ($10 in chips) 
Seat 5: nocando012 ($7.59 in chips) 
Seat 6: Yearyeah ($4.23 in chips) 
nocando012: posts small blind $0.05
Yearyeah: posts big blind $0.10
*** HOLE CARDS ***
gor580: folds 
RohanV: folds 
negritos81: raises $0.20 to $0.30
auldstevie: folds 
nocando012: folds 
Yearyeah: folds 
Uncalled bet ($0.20) returned to negritos81
negritos81 collected $0.25 from pot
negritos81: doesn't show hand 
*** SUMMARY ***
Total pot $0.25 | Rake $0 
Seat 1: gor580 folded before Flop (didn't bet)
Seat 2: RohanV folded before Flop (didn't bet)
Seat 3: negritos81 collected ($0.25)
Seat 4: auldstevie (button) folded before Flop (didn't bet)
Seat 5: nocando012 (small blind) folded before Flop
Seat 6: Yearyeah (big blind) folded before Flop



PokerStars Hand #222942521334:  Hold'em No Limit ($0.05/$0.10 USD) - 2021/01/23 22:14:45 ET
Table 'Rosamunde III' 6-max Seat #5 is the button
Seat 1: gor580 ($13.08 in chips) 
Seat 2: RohanV ($21.15 in chips) 
Seat 3: negritos81 ($11.54 in chips) 
Seat 4: auldstevie ($10 in chips) 
Seat 5: nocando012 ($7.54 in chips) 
Seat 6: Yearyeah ($4.13 in chips) 
Yearyeah: posts small blind $0.05
gor580: posts big blind $0.10
*** HOLE CARDS ***
RohanV: folds 
negritos81: folds 
auldstevie: folds 
nocando012: calls $0.10
Yearyeah: calls $0.05
gor580: raises $0.30 to $0.40
nocando012: calls $0.30
Yearyeah: folds 
*** FLOP *** [2c 9c 4h]
gor580: bets $0.50
nocando012: calls $0.50
*** TURN *** [2c 9c 4h] [7h]
gor580: checks 
nocando012: checks 
*** RIVER *** [2c 9c 4h 7h] [4c]
gor580: checks 
nocando012: checks 
*** SHOW DOWN ***
gor580: shows [Qd Ac] (a pair of Fours)
nocando012: shows [9d Ah] (two pair, Nines and Fours)
nocando012 collected $1.81 from pot
*** SUMMARY ***
Total pot $1.90 | Rake $0.09 
Board [2c 9c 4h 7h 4c]
Seat 1: gor580 (big blind) showed [Qd Ac] and lost with a pair of Fours
Seat 2: RohanV folded before Flop (didn't bet)
Seat 3: negritos81 folded before Flop (didn't bet)
Seat 4: auldstevie folded before Flop (didn't bet)
Seat 5: nocando012 (button) showed [9d Ah] and won ($1.81) with two pair, Nines and Fours
Seat 6: Yearyeah (small blind) folded before Flop



PokerStars Hand #222942538229:  Hold'em No Limit ($0.05/$0.10 USD) - 2021/01/23 22:15:24 ET
Table 'Rosamunde III' 6-max Seat #6 is the button
Seat 1: gor580 ($12.18 in chips) 
Seat 2: RohanV ($21.15 in chips) 
Seat 3: negritos81 ($11.54 in chips) 
Seat 4: auldstevie ($10 in chips) 
Seat 5: nocando012 ($8.45 in chips) 
Seat 6: Yearyeah ($4.03 in chips) 
gor580: posts small blind $0.05
RohanV: posts big blind $0.10
*** HOLE CARDS ***
negritos81: folds 
auldstevie: raises $0.15 to $0.25
nocando012: folds 
Yearyeah: calls $0.25
gor580: calls $0.20
RohanV: calls $0.15
*** FLOP *** [6d 6c 8h]
gor580: checks 
RohanV: checks 
auldstevie: checks 
Yearyeah: bets $0.30
gor580: folds 
RohanV: folds 
auldstevie: folds 
Uncalled bet ($0.30) returned to Yearyeah
Yearyeah collected $0.96 from pot
Yearyeah: doesn't show hand 
*** SUMMARY ***
Total pot $1 | Rake $0.04 
Board [6d 6c 8h]
Seat 1: gor580 (small blind) folded on the Flop
Seat 2: RohanV (big blind) folded on the Flop
Seat 3: negritos81 folded before Flop (didn't bet)
Seat 4: auldstevie folded on the Flop
Seat 5: nocando012 folded before Flop (didn't bet)
Seat 6: Yearyeah (button) collected ($0.96)



PokerStars Hand #222942555332:  Hold'em No Limit ($0.05/$0.10 USD) - 2021/01/23 22:16:10 ET
Table 'Rosamunde III' 6-max Seat #1 is the button
Seat 1: gor580 ($11.93 in chips) 
Seat 2: RohanV ($20.90 in chips) 
Seat 3: negritos81 ($11.54 in chips) 
Seat 4: auldstevie ($10 in chips) 
Seat 5: nocando012 ($8.45 in chips) 
Seat 6: Yearyeah ($4.74 in chips) 
RohanV: posts small blind $0.05
negritos81: posts big blind $0.10
*** HOLE CARDS ***
auldstevie: folds 
nocando012: raises $0.20 to $0.30
Yearyeah: folds 
gor580: folds 
RohanV: raises $0.20 to $0.50
negritos81: folds 
nocando012: calls $0.20
*** FLOP *** [7h 5d 5h]
RohanV: bets $0.52
nocando012: folds 
Uncalled bet ($0.52) returned to RohanV
RohanV collected $1.05 from pot
*** SUMMARY ***
Total pot $1.10 | Rake $0.05 
Board [7h 5d 5h]
Seat 1: gor580 (button) folded before Flop (didn't bet)
Seat 2: RohanV (small blind) collected ($1.05)
Seat 3: negritos81 (big blind) folded before Flop
Seat 4: auldstevie folded before Flop (didn't bet)
Seat 5: nocando012 folded on the Flop
Seat 6: Yearyeah folded before Flop (didn't bet)



PokerStars Hand #222942567404:  Hold'em No Limit ($0.05/$0.10 USD) - 2021/01/23 22:16:42 ET
Table 'Rosamunde III' 6-max Seat #2 is the button
Seat 1: gor580 ($11.93 in chips) 
Seat 2: RohanV ($21.45 in chips) 
Seat 3: negritos81 ($11.44 in chips) 
Seat 4: auldstevie ($10 in chips) 
Seat 5: nocando012 ($7.95 in chips) 
Seat 6: Yearyeah ($4.74 in chips) 
negritos81: posts small blind $0.05
auldstevie: posts big blind $0.10
*** HOLE CARDS ***
nocando012: folds 
Yearyeah: calls $0.10
gor580: raises $0.35 to $0.45
RohanV: folds 
negritos81: folds 
auldstevie: folds 
Yearyeah: calls $0.35
*** FLOP *** [9d 5c 9c]
Yearyeah: bets $0.10
gor580: raises $0.45 to $0.55
Yearyeah: calls $0.45
*** TURN *** [9d 5c 9c] [Js]
Yearyeah: bets $0.10
gor580: raises $1.35 to $1.45
Yearyeah: calls $1.35
*** RIVER *** [9d 5c 9c Js] [2h]
Yearyeah: bets $0.10
gor580: raises $9.38 to $9.48 and is all-in
Yearyeah: calls $2.19 and is all-in
Uncalled bet ($7.19) returned to gor580
*** SHOW DOWN ***
gor580: shows [Jc Ac] (two pair, Jacks and Nines)
Yearyeah: shows [9h 5h] (a full house, Nines full of Fives)
Yearyeah collected $9.20 from pot
*** SUMMARY ***
Total pot $9.63 | Rake $0.43 
Board [9d 5c 9c Js 2h]
Seat 1: gor580 showed [Jc Ac] and lost with two pair, Jacks and Nines
Seat 2: RohanV (button) folded before Flop (didn't bet)
Seat 3: negritos81 (small blind) folded before Flop
Seat 4: auldstevie (big blind) folded before Flop
Seat 5: nocando012 folded before Flop (didn't bet)
Seat 6: Yearyeah showed [9h 5h] and won ($9.20) with a full house, Nines full of Fives



PokerStars Hand #222942592596:  Hold'em No Limit ($0.05/$0.10 USD) - 2021/01/23 22:17:49 ET
Table 'Rosamunde III' 6-max Seat #3 is the button
Seat 1: gor580 ($10 in chips) 
Seat 2: RohanV ($21.45 in chips) 
Seat 3: negritos81 ($11.39 in chips) 
Seat 4: auldstevie ($10 in chips) 
Seat 5: nocando012 ($7.95 in chips) 
Seat 6: Yearyeah ($9.20 in chips) 
auldstevie: posts small blind $0.05
nocando012: posts big blind $0.10
*** HOLE CARDS ***
Yearyeah: calls $0.10
gor580: folds 
RohanV: folds 
negritos81: folds 
auldstevie: calls $0.05
nocando012: checks 
*** FLOP *** [Jh 9s Qs]
auldstevie: checks 
nocando012: checks 
Yearyeah: bets $0.10
auldstevie: calls $0.10
nocando012: folds 
*** TURN *** [Jh 9s Qs] [3c]
auldstevie: bets $0.24
Yearyeah: folds 
Uncalled bet ($0.24) returned to auldstevie
auldstevie collected $0.48 from pot
auldstevie: doesn't show hand 
*** SUMMARY ***
Total pot $0.50 | Rake $0.02 
Board [Jh 9s Qs 3c]
Seat 1: gor580 folded before Flop (didn't bet)
Seat 2: RohanV folded before Flop (didn't bet)
Seat 3: negritos81 (button) folded before Flop (didn't bet)
Seat 4: auldstevie (small blind) collected ($0.48)
Seat 5: nocando012 (big blind) folded on the Flop
Seat 6: Yearyeah folded on the Turn



PokerStars Hand #222942631422:  Hold'em No Limit ($0.05/$0.10 USD) - 2021/01/23 22:19:12 ET
Table 'Rosamunde III' 6-max Seat #4 is the button
Seat 1: gor580 ($10 in chips) 
Seat 2: RohanV ($21.45 in chips) 
Seat 3: negritos81 ($11.39 in chips) 
Seat 4: auldstevie ($10.28 in chips) 
Seat 5: nocando012 ($7.85 in chips) 
Seat 6: Yearyeah ($9 in chips) 
nocando012: posts small blind $0.05
Yearyeah: posts big blind $0.10
*** HOLE CARDS ***
gor580: folds 
RohanV has timed out
RohanV: folds 
negritos81: folds 
auldstevie: raises $0.15 to $0.25
nocando012: folds 
Yearyeah: calls $0.15
*** FLOP *** [7c 6d 4h]
Yearyeah: checks 
auldstevie: checks 
*** TURN *** [7c 6d 4h] [Kh]
Yearyeah: checks 
auldstevie: checks 
*** RIVER *** [7c 6d 4h Kh] [9d]
Yearyeah: bets $0.10
auldstevie: folds 
Uncalled bet ($0.10) returned to Yearyeah
Yearyeah collected $0.53 from pot
Yearyeah: doesn't show hand 
*** SUMMARY ***
Total pot $0.55 | Rake $0.02 
Board [7c 6d 4h Kh 9d]
Seat 1: gor580 folded before Flop (didn't bet)
Seat 2: RohanV folded before Flop (didn't bet)
Seat 3: negritos81 folded before Flop (didn't bet)
Seat 4: auldstevie (button) folded on the River
Seat 5: nocando012 (small blind) folded before Flop
Seat 6: Yearyeah (big blind) collected ($0.53)



PokerStars Hand #222942650329:  Hold'em No Limit ($0.05/$0.10 USD) - 2021/01/23 22:20:03 ET
Table 'Rosamunde III' 6-max Seat #5 is the button
Seat 1: gor580 ($10 in chips) 
Seat 2: RohanV ($21.45 in chips) 
Seat 3: negritos81 ($11.39 in chips) 
Seat 4: auldstevie ($10.03 in chips) 
Seat 5: nocando012 ($7.80 in chips) 
Seat 6: Yearyeah ($9.28 in chips) 
Yearyeah: posts small blind $0.05
gor580: posts big blind $0.10
*** HOLE CARDS ***
RohanV: folds 
negritos81: raises $0.20 to $0.30
auldstevie: folds 
nocando012: folds 
Yearyeah: folds 
gor580: folds 
Uncalled bet ($0.20) returned to negritos81
negritos81 collected $0.25 from pot
negritos81: doesn't show hand 
*** SUMMARY ***
Total pot $0.25 | Rake $0 
Seat 1: gor580 (big blind) folded before Flop
Seat 2: RohanV folded before Flop (didn't bet)
Seat 3: negritos81 collected ($0.25)
Seat 4: auldstevie folded before Flop (didn't bet)
Seat 5: nocando012 (button) folded before Flop (didn't bet)
Seat 6: Yearyeah (small blind) folded before Flop



PokerStars Hand #222942657206:  Hold'em No Limit ($0.05/$0.10 USD) - 2021/01/23 22:20:22 ET
Table 'Rosamunde III' 6-max Seat #6 is the button
Seat 1: gor580 ($10 in chips) 
Seat 2: RohanV ($21.45 in chips) 
Seat 3: negritos81 ($11.54 in chips) 
Seat 4: auldstevie ($10.03 in chips) 
Seat 5: nocando012 ($7.80 in chips) 
Seat 6: Yearyeah ($9.23 in chips) 
gor580: posts small blind $0.05
RohanV: posts big blind $0.10
*** HOLE CARDS ***
negritos81: folds 
auldstevie: folds 
nocando012: folds 
Yearyeah has timed out
Yearyeah: folds 
gor580: raises $0.20 to $0.30
RohanV: calls $0.20
*** FLOP *** [5c Js 7c]
Yearyeah is disconnected 
gor580: bets $0.30
RohanV: folds 
Uncalled bet ($0.30) returned to gor580
gor580 collected $0.57 from pot
gor580: doesn't show hand 
*** SUMMARY ***
Total pot $0.60 | Rake $0.03 
Board [5c Js 7c]
Seat 1: gor580 (small blind) collected ($0.57)
Seat 2: RohanV (big blind) folded on the Flop
Seat 3: negritos81 folded before Flop (didn't bet)
Seat 4: auldstevie folded before Flop (didn't bet)
Seat 5: nocando012 folded before Flop (didn't bet)
Seat 6: Yearyeah (button) folded before Flop (didn't bet)



PokerStars Hand #222942672863:  Hold'em No Limit ($0.05/$0.10 USD) - 2021/01/23 22:21:04 ET
Table 'Rosamunde III' 6-max Seat #1 is the button
Seat 1: gor580 ($10.27 in chips) 
Seat 2: RohanV ($21.15 in chips) 
Seat 3: negritos81 ($11.54 in chips) 
Seat 4: auldstevie ($10.03 in chips) 
Seat 5: nocando012 ($7.80 in chips) 
Seat 6: Yearyeah ($9.23 in chips) 
RohanV: posts small blind $0.05
negritos81: posts big blind $0.10
*** HOLE CARDS ***
auldstevie: folds 
nocando012: folds 
Yearyeah has timed out while disconnected
Yearyeah: folds 
gor580: folds 
RohanV: folds 
Uncalled bet ($0.05) returned to negritos81
negritos81 collected $0.10 from pot
negritos81: doesn't show hand 
*** SUMMARY ***
Total pot $0.10 | Rake $0 
Seat 1: gor580 (button) folded before Flop (didn't bet)
Seat 2: RohanV (small blind) folded before Flop
Seat 3: negritos81 (big blind) collected ($0.10)
Seat 4: auldstevie folded before Flop (didn't bet)
Seat 5: nocando012 folded before Flop (didn't bet)
Seat 6: Yearyeah folded before Flop (didn't bet)



PokerStars Hand #222942680850:  Hold'em No Limit ($0.05/$0.10 USD) - 2021/01/23 22:21:25 ET
Table 'Rosamunde III' 6-max Seat #2 is the button
Seat 1: gor580 ($10.27 in chips) 
Seat 2: RohanV ($21.10 in chips) 
Seat 3: negritos81 ($11.59 in chips) 
Seat 4: auldstevie ($10.03 in chips) 
Seat 5: nocando012 ($7.80 in chips) 
negritos81: posts small blind $0.05
auldstevie: posts big blind $0.10
*** HOLE CARDS ***
nocando012: folds 
gor580: folds 
RohanV: folds 
negritos81: raises $0.20 to $0.30
auldstevie: calls $0.20
*** FLOP *** [9c 9s 4d]
negritos81: checks 
auldstevie: checks 
*** TURN *** [9c 9s 4d] [Kc]
negritos81: checks 
auldstevie: checks 
*** RIVER *** [9c 9s 4d Kc] [Td]
negritos81: bets $0.44
auldstevie: folds 
Uncalled bet ($0.44) returned to negritos81
negritos81 collected $0.57 from pot
negritos81: doesn't show hand 
*** SUMMARY ***
Total pot $0.60 | Rake $0.03 
Board [9c 9s 4d Kc Td]
Seat 1: gor580 folded before Flop (didn't bet)
Seat 2: RohanV (button) folded before Flop (didn't bet)
Seat 3: negritos81 (small blind) collected ($0.57)
Seat 4: auldstevie (big blind) folded on the River
Seat 5: nocando012 folded before Flop (didn't bet)



PokerStars Hand #222942702946:  Hold'em No Limit ($0.05/$0.10 USD) - 2021/01/23 22:22:25 ET
Table 'Rosamunde III' 6-max Seat #3 is the button
Seat 1: gor580 ($10.27 in chips) 
Seat 2: RohanV ($21.10 in chips) 
Seat 3: negritos81 ($11.86 in chips) 
Seat 4: auldstevie ($10 in chips) 
Seat 5: nocando012 ($7.80 in chips) 
auldstevie: posts small blind $0.05
nocando012: posts big blind $0.10
*** HOLE CARDS ***
gor580: folds 
RohanV: folds 
negritos81: folds 
auldstevie: raises $0.20 to $0.30
nocando012: folds 
Uncalled bet ($0.20) returned to auldstevie
auldstevie collected $0.20 from pot
auldstevie: doesn't show hand 
*** SUMMARY ***
Total pot $0.20 | Rake $0 
Seat 1: gor580 folded before Flop (didn't bet)
Seat 2: RohanV folded before Flop (didn't bet)
Seat 3: negritos81 (button) folded before Flop (didn't bet)
Seat 4: auldstevie (small blind) collected ($0.20)
Seat 5: nocando012 (big blind) folded before Flop



PokerStars Hand #222942707936:  Hold'em No Limit ($0.05/$0.10 USD) - 2021/01/23 22:22:38 ET
Table 'Rosamunde III' 6-max Seat #4 is the button
Seat 1: gor580 ($10.27 in chips) 
Seat 2: RohanV ($21.10 in chips) 
Seat 3: negritos81 ($11.86 in chips) 
Seat 4: auldstevie ($10.10 in chips) 
Seat 5: nocando012 ($7.70 in chips) 
nocando012: posts small blind $0.05
gor580: posts big blind $0.10
*** HOLE CARDS ***
RohanV: folds 
negritos81: folds 
auldstevie: folds 
nocando012: folds 
Uncalled bet ($0.05) returned to gor580
gor580 collected $0.10 from pot
gor580: doesn't show hand 
*** SUMMARY ***
Total pot $0.10 | Rake $0 
Seat 1: gor580 (big blind) collected ($0.10)
Seat 2: RohanV folded before Flop (didn't bet)
Seat 3: negritos81 folded before Flop (didn't bet)
Seat 4: auldstevie (button) folded before Flop (didn't bet)
Seat 5: nocando012 (small blind) folded before Flop



PokerStars Hand #222942712205:  Hold'em No Limit ($0.05/$0.10 USD) - 2021/01/23 22:22:49 ET
Table 'Rosamunde III' 6-max Seat #5 is the button
Seat 1: gor580 ($10.32 in chips) 
Seat 2: RohanV ($21.10 in chips) 
Seat 3: negritos81 ($11.86 in chips) 
Seat 4: auldstevie ($10.10 in chips) 
Seat 5: nocando012 ($7.65 in chips) 
gor580: posts small blind $0.05
RohanV: posts big blind $0.10
*** HOLE CARDS ***
negritos81: folds 
auldstevie: folds 
nocando012: calls $0.10
gor580: folds 
RohanV: raises $0.20 to $0.30
nocando012: calls $0.20
*** FLOP *** [8h Ts 9s]
RohanV: bets $0.41
nocando012: folds 
Uncalled bet ($0.41) returned to RohanV
RohanV collected $0.62 from pot
*** SUMMARY ***
Total pot $0.65 | Rake $0.03 
Board [8h Ts 9s]
Seat 1: gor580 (small blind) folded before Flop
Seat 2: RohanV (big blind) collected ($0.62)
Seat 3: negritos81 folded before Flop (didn't bet)
Seat 4: auldstevie folded before Flop (didn't bet)
Seat 5: nocando012 (button) folded on the Flop



PokerStars Hand #222942726818:  Hold'em No Limit ($0.05/$0.10 USD) - 2021/01/23 22:23:29 ET
Table 'Rosamunde III' 6-max Seat #1 is the button
Seat 1: gor580 ($10.27 in chips) 
Seat 2: RohanV ($21.42 in chips) 
Seat 3: negritos81 ($11.86 in chips) 
Seat 4: auldstevie ($10.10 in chips) 
Seat 5: nocando012 ($7.35 in chips) 
RohanV: posts small blind $0.05
negritos81: posts big blind $0.10
*** HOLE CARDS ***
auldstevie: folds 
nocando012: calls $0.10
gor580: folds 
RohanV: calls $0.05
negritos81: checks 
*** FLOP *** [7c 6s 5c]
RohanV: checks 
negritos81: checks 
nocando012: checks 
*** TURN *** [7c 6s 5c] [Ah]
RohanV: checks 
negritos81: checks 
nocando012: checks 
*** RIVER *** [7c 6s 5c Ah] [2d]
RohanV: bets $0.24
negritos81: folds 
nocando012: folds 
Uncalled bet ($0.24) returned to RohanV
RohanV collected $0.29 from pot
*** SUMMARY ***
Total pot $0.30 | Rake $0.01 
Board [7c 6s 5c Ah 2d]
Seat 1: gor580 (button) folded before Flop (didn't bet)
Seat 2: RohanV (small blind) collected ($0.29)
Seat 3: negritos81 (big blind) folded on the River
Seat 4: auldstevie folded before Flop (didn't bet)
Seat 5: nocando012 folded on the River



PokerStars Hand #222942754809:  Hold'em No Limit ($0.05/$0.10 USD) - 2021/01/23 22:24:46 ET
Table 'Rosamunde III' 6-max Seat #2 is the button
Seat 1: gor580 ($10.27 in chips) 
Seat 2: RohanV ($21.61 in chips) 
Seat 3: negritos81 ($11.76 in chips) 
Seat 4: auldstevie ($10.10 in chips) 
Seat 5: nocando012 ($7.25 in chips) 
negritos81: posts small blind $0.05
auldstevie: posts big blind $0.10
*** HOLE CARDS ***
nocando012: folds 
gor580: folds 
RohanV: raises $0.20 to $0.30
negritos81: folds 
auldstevie: folds 
Uncalled bet ($0.20) returned to RohanV
RohanV collected $0.25 from pot
*** SUMMARY ***
Total pot $0.25 | Rake $0 
Seat 1: gor580 folded before Flop (didn't bet)
Seat 2: RohanV (button) collected ($0.25)
Seat 3: negritos81 (small blind) folded before Flop
Seat 4: auldstevie (big blind) folded before Flop
Seat 5: nocando012 folded before Flop (didn't bet)



PokerStars Hand #222942762328:  Hold'em No Limit ($0.05/$0.10 USD) - 2021/01/23 22:25:06 ET
Table 'Rosamunde III' 6-max Seat #3 is the button
Seat 1: gor580 ($10.27 in chips) 
Seat 2: RohanV ($21.76 in chips) 
Seat 3: negritos81 ($11.71 in chips) 
Seat 4: auldstevie ($10 in chips) 
Seat 5: nocando012 ($7.25 in chips) 
auldstevie: posts small blind $0.05
nocando012: posts big blind $0.10
*** HOLE CARDS ***
gor580: raises $0.15 to $0.25
RohanV: calls $0.25
negritos81: folds 
auldstevie: folds 
nocando012: folds 
*** FLOP *** [Ks 9h 3c]
gor580: bets $0.35
RohanV: calls $0.35
*** TURN *** [Ks 9h 3c] [Jc]
gor580: bets $0.77
RohanV: calls $0.77
*** RIVER *** [Ks 9h 3c Jc] [8s]
gor580: checks 
RohanV: checks 
*** SHOW DOWN ***
gor580: shows [Ac 4c] (high card Ace)
RohanV: shows [6c 9c] (a pair of Nines)
RohanV collected $2.76 from pot
*** SUMMARY ***
Total pot $2.89 | Rake $0.13 
Board [Ks 9h 3c Jc 8s]
Seat 1: gor580 showed [Ac 4c] and lost with high card Ace
Seat 2: RohanV showed [6c 9c] and won ($2.76) with a pair of Nines
Seat 3: negritos81 (button) folded before Flop (didn't bet)
Seat 4: auldstevie (small blind) folded before Flop
Seat 5: nocando012 (big blind) folded before Flop



PokerStars Hand #222942780406:  Hold'em No Limit ($0.05/$0.10 USD) - 2021/01/23 22:25:55 ET
Table 'Rosamunde III' 6-max Seat #4 is the button
Seat 1: gor580 ($10 in chips) 
Seat 2: RohanV ($23.15 in chips) 
Seat 3: negritos81 ($11.71 in chips) 
Seat 4: auldstevie ($10 in chips) 
Seat 5: nocando012 ($7.15 in chips) 
nocando012: posts small blind $0.05
gor580: posts big blind $0.10
*** HOLE CARDS ***
RohanV: raises $0.10 to $0.20
negritos81: folds 
auldstevie: folds 
nocando012: folds 
gor580: calls $0.10
*** FLOP *** [2h Qd Ks]
gor580: checks 
RohanV: bets $0.21
gor580: calls $0.21
*** TURN *** [2h Qd Ks] [Js]
gor580: checks 
RohanV: checks 
*** RIVER *** [2h Qd Ks Js] [8s]
gor580: checks 
RohanV: checks 
*** SHOW DOWN ***
gor580: shows [9d 9s] (a pair of Nines)
RohanV: mucks hand 
gor580 collected $0.83 from pot
*** SUMMARY ***
Total pot $0.87 | Rake $0.04 
Board [2h Qd Ks Js 8s]
Seat 1: gor580 (big blind) showed [9d 9s] and won ($0.83) with a pair of Nines
Seat 2: RohanV mucked
Seat 3: negritos81 folded before Flop (didn't bet)
Seat 4: auldstevie (button) folded before Flop (didn't bet)
Seat 5: nocando012 (small blind) folded before Flop



PokerStars Hand #222942791790:  Hold'em No Limit ($0.05/$0.10 USD) - 2021/01/23 22:26:27 ET
Table 'Rosamunde III' 6-max Seat #5 is the button
Seat 1: gor580 ($10.42 in chips) 
Seat 2: RohanV ($22.74 in chips) 
Seat 3: negritos81 ($11.71 in chips) 
Seat 4: auldstevie ($10 in chips) 
Seat 5: nocando012 ($7.10 in chips) 
gor580: posts small blind $0.05
RohanV: posts big blind $0.10
*** HOLE CARDS ***
negritos81: raises $0.20 to $0.30
auldstevie: folds 
nocando012: calls $0.30
gor580: calls $0.25
RohanV: folds 
*** FLOP *** [8d 6h 9h]
gor580: checks 
negritos81: checks 
nocando012: checks 
*** TURN *** [8d 6h 9h] [2h]
gor580: checks 
negritos81: checks 
nocando012: checks 
*** RIVER *** [8d 6h 9h 2h] [7h]
gor580: bets $0.64
negritos81: folds 
nocando012: folds 
Uncalled bet ($0.64) returned to gor580
gor580 collected $0.96 from pot
gor580: doesn't show hand 
*** SUMMARY ***
Total pot $1 | Rake $0.04 
Board [8d 6h 9h 2h 7h]
Seat 1: gor580 (small blind) collected ($0.96)
Seat 2: RohanV (big blind) folded before Flop
Seat 3: negritos81 folded on the River
Seat 4: auldstevie folded before Flop (didn't bet)
Seat 5: nocando012 (button) folded on the River



PokerStars Hand #222942806885:  Hold'em No Limit ($0.05/$0.10 USD) - 2021/01/23 22:27:08 ET
Table 'Rosamunde III' 6-max Seat #1 is the button
Seat 1: gor580 ($11.08 in chips) 
Seat 2: RohanV ($22.64 in chips) 
Seat 3: negritos81 ($11.41 in chips) 
Seat 4: auldstevie ($10 in chips) 
Seat 5: nocando012 ($6.80 in chips) 
RohanV: posts small blind $0.05
negritos81: posts big blind $0.10
*** HOLE CARDS ***
auldstevie: folds 
nocando012: folds 
gor580: folds 
RohanV: raises $0.20 to $0.30
negritos81: folds 
Uncalled bet ($0.20) returned to RohanV
RohanV collected $0.20 from pot
*** SUMMARY ***
Total pot $0.20 | Rake $0 
Seat 1: gor580 (button) folded before Flop (didn't bet)
Seat 2: RohanV (small blind) collected ($0.20)
Seat 3: negritos81 (big blind) folded before Flop
Seat 4: auldstevie folded before Flop (didn't bet)
Seat 5: nocando012 folded before Flop (didn't bet)



PokerStars Hand #222942812060:  Hold'em No Limit ($0.05/$0.10 USD) - 2021/01/23 22:27:22 ET
Table 'Rosamunde III' 6-max Seat #2 is the button
Seat 1: gor580 ($11.08 in chips) 
Seat 2: RohanV ($22.74 in chips) 
Seat 3: negritos81 ($11.31 in chips) 
Seat 4: auldstevie ($10 in chips) 
Seat 5: nocando012 ($6.80 in chips) 
negritos81: posts small blind $0.05
auldstevie: posts big blind $0.10
*** HOLE CARDS ***
nocando012: folds 
gor580: folds 
RohanV: folds 
negritos81: raises $0.20 to $0.30
auldstevie: folds 
Uncalled bet ($0.20) returned to negritos81
negritos81 collected $0.20 from pot
negritos81: doesn't show hand 
*** SUMMARY ***
Total pot $0.20 | Rake $0 
Seat 1: gor580 folded before Flop (didn't bet)
Seat 2: RohanV (button) folded before Flop (didn't bet)
Seat 3: negritos81 (small blind) collected ($0.20)
Seat 4: auldstevie (big blind) folded before Flop
Seat 5: nocando012 folded before Flop (didn't bet)



PokerStars Hand #222942816981:  Hold'em No Limit ($0.05/$0.10 USD) - 2021/01/23 22:27:36 ET
Table 'Rosamunde III' 6-max Seat #3 is the button
Seat 1: gor580 ($11.08 in chips) 
Seat 2: RohanV ($22.74 in chips) 
Seat 3: negritos81 ($11.41 in chips) 
Seat 4: auldstevie ($10 in chips) 
Seat 5: nocando012 ($6.80 in chips) 
auldstevie: posts small blind $0.05
nocando012: posts big blind $0.10
*** HOLE CARDS ***
gor580: folds 
RohanV: folds 
negritos81: folds 
auldstevie: folds 
Uncalled bet ($0.05) returned to nocando012
nocando012 collected $0.10 from pot
nocando012: doesn't show hand 
*** SUMMARY ***
Total pot $0.10 | Rake $0 
Seat 1: gor580 folded before Flop (didn't bet)
Seat 2: RohanV folded before Flop (didn't bet)
Seat 3: negritos81 (button) folded before Flop (didn't bet)
Seat 4: auldstevie (small blind) folded before Flop
Seat 5: nocando012 (big blind) collected ($0.10)



PokerStars Hand #222942821697:  Hold'em No Limit ($0.05/$0.10 USD) - 2021/01/23 22:27:49 ET
Table 'Rosamunde III' 6-max Seat #4 is the button
Seat 1: gor580 ($11.08 in chips) 
Seat 2: RohanV ($22.74 in chips) 
Seat 3: negritos81 ($11.41 in chips) 
Seat 4: auldstevie ($10 in chips) 
Seat 5: nocando012 ($6.85 in chips) 
nocando012: posts small blind $0.05
gor580: posts big blind $0.10
*** HOLE CARDS ***
RohanV: folds 
negritos81: folds 
auldstevie: raises $0.20 to $0.30
nocando012: folds 
gor580: raises $0.70 to $1
auldstevie: calls $0.70
*** FLOP *** [6d Td Th]
gor580: bets $0.75
auldstevie: calls $0.75
*** TURN *** [6d Td Th] [3c]
gor580: bets $2.03
auldstevie: folds 
Uncalled bet ($2.03) returned to gor580
gor580 collected $3.39 from pot
gor580: doesn't show hand 
*** SUMMARY ***
Total pot $3.55 | Rake $0.16 
Board [6d Td Th 3c]
Seat 1: gor580 (big blind) collected ($3.39)
Seat 2: RohanV folded before Flop (didn't bet)
Seat 3: negritos81 folded before Flop (didn't bet)
Seat 4: auldstevie (button) folded on the Turn
Seat 5: nocando012 (small blind) folded before Flop



PokerStars Hand #222942836416:  Hold'em No Limit ($0.05/$0.10 USD) - 2021/01/23 22:28:29 ET
Table 'Rosamunde III' 6-max Seat #5 is the button
Seat 1: gor580 ($12.72 in chips) 
Seat 2: RohanV ($22.74 in chips) 
Seat 3: negritos81 ($11.41 in chips) 
Seat 4: auldstevie ($10 in chips) 
Seat 5: nocando012 ($6.80 in chips) 
gor580: posts small blind $0.05
RohanV: posts big blind $0.10
*** HOLE CARDS ***
negritos81 has timed out
negritos81: folds 
auldstevie: raises $0.20 to $0.30
nocando012: folds 
gor580: folds 
RohanV: calls $0.20
*** FLOP *** [Ks Ac Js]
RohanV: checks 
auldstevie: bets $0.47
RohanV: folds 
Uncalled bet ($0.47) returned to auldstevie
auldstevie collected $0.62 from pot
auldstevie: doesn't show hand 
*** SUMMARY ***
Total pot $0.65 | Rake $0.03 
Board [Ks Ac Js]
Seat 1: gor580 (small blind) folded before Flop
Seat 2: RohanV (big blind) folded on the Flop
Seat 3: negritos81 folded before Flop (didn't bet)
Seat 4: auldstevie collected ($0.62)
Seat 5: nocando012 (button) folded before Flop (didn't bet)



PokerStars Hand #222942851981:  Hold'em No Limit ($0.05/$0.10 USD) - 2021/01/23 22:29:13 ET
Table 'Rosamunde III' 6-max Seat #1 is the button
Seat 1: gor580 ($12.67 in chips) 
Seat 2: RohanV ($22.44 in chips) 
Seat 3: negritos81 ($11.41 in chips) 
Seat 4: auldstevie ($10.32 in chips) 
Seat 5: nocando012 ($6.80 in chips) 
RohanV: posts small blind $0.05
negritos81: posts big blind $0.10
*** HOLE CARDS ***
auldstevie: folds 
nocando012: calls $0.10
gor580: folds 
RohanV: calls $0.05
negritos81: checks 
*** FLOP *** [6h Ad Th]
RohanV: checks 
negritos81: checks 
nocando012: bets $0.14
RohanV: folds 
negritos81: folds 
Uncalled bet ($0.14) returned to nocando012
nocando012 collected $0.29 from pot
nocando012: doesn't show hand 
*** SUMMARY ***
Total pot $0.30 | Rake $0.01 
Board [6h Ad Th]
Seat 1: gor580 (button) folded before Flop (didn't bet)
Seat 2: RohanV (small blind) folded on the Flop
Seat 3: negritos81 (big blind) folded on the Flop
Seat 4: auldstevie folded before Flop (didn't bet)
Seat 5: nocando012 collected ($0.29)



PokerStars Hand #222942870484:  Hold'em No Limit ($0.05/$0.10 USD) - 2021/01/23 22:29:43 ET
Table 'Rosamunde III' 6-max Seat #2 is the button
Seat 1: gor580 ($12.67 in chips) 
Seat 2: RohanV ($22.34 in chips) 
Seat 3: negritos81 ($11.31 in chips) 
Seat 4: auldstevie ($10.32 in chips) 
Seat 5: nocando012 ($6.99 in chips) 
negritos81: posts small blind $0.05
auldstevie: posts big blind $0.10
*** HOLE CARDS ***
nocando012: folds 
gor580: folds 
RohanV: folds 
negritos81: raises $0.20 to $0.30
auldstevie: folds 
Uncalled bet ($0.20) returned to negritos81
negritos81 collected $0.20 from pot
negritos81: doesn't show hand 
*** SUMMARY ***
Total pot $0.20 | Rake $0 
Seat 1: gor580 folded before Flop (didn't bet)
Seat 2: RohanV (button) folded before Flop (didn't bet)
Seat 3: negritos81 (small blind) collected ($0.20)
Seat 4: auldstevie (big blind) folded before Flop
Seat 5: nocando012 folded before Flop (didn't bet)



PokerStars Hand #222942875882:  Hold'em No Limit ($0.05/$0.10 USD) - 2021/01/23 22:29:58 ET
Table 'Rosamunde III' 6-max Seat #3 is the button
Seat 1: gor580 ($12.67 in chips) 
Seat 2: RohanV ($22.34 in chips) 
Seat 3: negritos81 ($11.41 in chips) 
Seat 4: auldstevie ($10.22 in chips) 
Seat 5: nocando012 ($6.99 in chips) 
auldstevie: posts small blind $0.05
nocando012: posts big blind $0.10
*** HOLE CARDS ***
gor580: folds 
RohanV: folds 
negritos81: folds 
auldstevie: folds 
Uncalled bet ($0.05) returned to nocando012
nocando012 collected $0.10 from pot
nocando012: doesn't show hand 
*** SUMMARY ***
Total pot $0.10 | Rake $0 
Seat 1: gor580 folded before Flop (didn't bet)
Seat 2: RohanV folded before Flop (didn't bet)
Seat 3: negritos81 (button) folded before Flop (didn't bet)
Seat 4: auldstevie (small blind) folded before Flop
Seat 5: nocando012 (big blind) collected ($0.10)



PokerStars Hand #222942879903:  Hold'em No Limit ($0.05/$0.10 USD) - 2021/01/23 22:30:09 ET
Table 'Rosamunde III' 6-max Seat #4 is the button
Seat 1: gor580 ($12.67 in chips) 
Seat 2: RohanV ($22.34 in chips) 
Seat 3: negritos81 ($11.41 in chips) 
Seat 4: auldstevie ($10.17 in chips) 
Seat 5: nocando012 ($7.04 in chips) 
nocando012: posts small blind $0.05
gor580: posts big blind $0.10
*** HOLE CARDS ***
RohanV: raises $0.10 to $0.20
negritos81: folds 
auldstevie: folds 
nocando012: folds 
gor580: folds 
Uncalled bet ($0.10) returned to RohanV
RohanV collected $0.25 from pot
Yearyeah was removed from the table for failing to post
Yearyeah leaves the table
*** SUMMARY ***
Total pot $0.25 | Rake $0 
Seat 1: gor580 (big blind) folded before Flop
Seat 2: RohanV collected ($0.25)
Seat 3: negritos81 folded before Flop (didn't bet)
Seat 4: auldstevie (button) folded before Flop (didn't bet)
Seat 5: nocando012 (small blind) folded before Flop



PokerStars Hand #222942887957:  Hold'em No Limit ($0.05/$0.10 USD) - 2021/01/23 22:30:32 ET
Table 'Rosamunde III' 6-max Seat #5 is the button
Seat 1: gor580 ($12.57 in chips) 
Seat 2: RohanV ($22.49 in chips) 
Seat 3: negritos81 ($11.41 in chips) 
Seat 4: auldstevie ($10.17 in chips) 
Seat 5: nocando012 ($6.99 in chips) 
gor580: posts small blind $0.05
RohanV: posts big blind $0.10
*** HOLE CARDS ***
negritos81: folds 
auldstevie: folds 
auldstevie leaves the table
nocando012: folds 
gor580: folds 
Uncalled bet ($0.05) returned to RohanV
RohanV collected $0.10 from pot
*** SUMMARY ***
Total pot $0.10 | Rake $0 
Seat 1: gor580 (small blind) folded before Flop
Seat 2: RohanV (big blind) collected ($0.10)
Seat 3: negritos81 folded before Flop (didn't bet)
Seat 4: auldstevie folded before Flop (didn't bet)
Seat 5: nocando012 (button) folded before Flop (didn't bet)



PokerStars Hand #222942895611:  Hold'em No Limit ($0.05/$0.10 USD) - 2021/01/23 22:30:53 ET
Table 'Rosamunde III' 6-max Seat #1 is the button
Seat 1: gor580 ($12.52 in chips) 
Seat 2: RohanV ($22.54 in chips) 
Seat 3: negritos81 ($11.41 in chips) 
Seat 5: nocando012 ($6.99 in chips) 
RohanV: posts small blind $0.05
negritos81: posts big blind $0.10
*** HOLE CARDS ***
nocando012: calls $0.10
gor580: folds 
RohanV: calls $0.05
negritos81: checks 
*** FLOP *** [9h 2h 4s]
RohanV: checks 
negritos81: checks 
nocando012: checks 
*** TURN *** [9h 2h 4s] [Kd]
RohanV: checks 
negritos81: checks 
nocando012: checks 
*** RIVER *** [9h 2h 4s Kd] [Qc]
RohanV: checks 
negritos81: checks 
nocando012: checks 
*** SHOW DOWN ***
RohanV: shows [Ac 5h] (high card Ace)
negritos81: shows [2c 8h] (a pair of Deuces)
nocando012: shows [2d Ad] (a pair of Deuces - Ace kicker)
nocando012 collected $0.29 from pot
*** SUMMARY ***
Total pot $0.30 | Rake $0.01 
Board [9h 2h 4s Kd Qc]
Seat 1: gor580 (button) folded before Flop (didn't bet)
Seat 2: RohanV (small blind) showed [Ac 5h] and lost with high card Ace
Seat 3: negritos81 (big blind) showed [2c 8h] and lost with a pair of Deuces
Seat 5: nocando012 showed [2d Ad] and won ($0.29) with a pair of Deuces



PokerStars Hand #222942905584:  Hold'em No Limit ($0.05/$0.10 USD) - 2021/01/23 22:31:21 ET
Table 'Rosamunde III' 6-max Seat #2 is the button
Seat 1: gor580 ($12.52 in chips) 
Seat 2: RohanV ($22.44 in chips) 
Seat 3: negritos81 ($11.31 in chips) 
Seat 5: nocando012 ($7.18 in chips) 
negritos81: posts small blind $0.05
nocando012: posts big blind $0.10
*** HOLE CARDS ***
gor580: raises $0.15 to $0.25
RohanV: folds 
negritos81: folds 
nocando012: folds 
Uncalled bet ($0.15) returned to gor580
gor580 collected $0.25 from pot
gor580: doesn't show hand 
*** SUMMARY ***
Total pot $0.25 | Rake $0 
Seat 1: gor580 collected ($0.25)
Seat 2: RohanV (button) folded before Flop (didn't bet)
Seat 3: negritos81 (small blind) folded before Flop
Seat 5: nocando012 (big blind) folded before Flop



PokerStars Hand #222942910874:  Hold'em No Limit ($0.05/$0.10 USD) - 2021/01/23 22:31:36 ET
Table 'Rosamunde III' 6-max Seat #3 is the button
Seat 2: RohanV ($22.44 in chips) 
Seat 3: negritos81 ($11.26 in chips) 
Seat 5: nocando012 ($7.08 in chips) 
nocando012: posts small blind $0.05
gor580: is sitting out 
RohanV: posts big blind $0.10
*** HOLE CARDS ***
gor580 leaves the table
negritos81: folds 
nocando012: folds 
Uncalled bet ($0.05) returned to RohanV
RohanV collected $0.10 from pot
*** SUMMARY ***
Total pot $0.10 | Rake $0 
Seat 2: RohanV (big blind) collected ($0.10)
Seat 3: negritos81 (button) folded before Flop (didn't bet)
Seat 5: nocando012 (small blind) folded before Flop



PokerStars Hand #222942915847:  Hold'em No Limit ($0.05/$0.10 USD) - 2021/01/23 22:31:50 ET
Table 'Rosamunde III' 6-max Seat #5 is the button
Seat 2: RohanV ($22.49 in chips) 
Seat 3: negritos81 ($11.26 in chips) 
Seat 5: nocando012 ($7.03 in chips) 
RohanV: posts small blind $0.05
negritos81: posts big blind $0.10
*** HOLE CARDS ***
nocando012: folds 
RohanV: raises $0.10 to $0.20
skems123 joins the table at seat #1 
negritos81: calls $0.10
*** FLOP *** [Qh 4c 4s]
RohanV: bets $0.19
negritos81: calls $0.19
*** TURN *** [Qh 4c 4s] [Ks]
RohanV: checks 
negritos81: bets $0.38
RohanV: calls $0.38
*** RIVER *** [Qh 4c 4s Ks] [6c]
Vlao joins the table at seat #6 
RohanV: checks 
0nix770 joins the table at seat #4 
negritos81: bets $1.13
RohanV: calls $1.13
*** SHOW DOWN ***
negritos81: shows [6d 4d] (a full house, Fours full of Sixes)
RohanV: mucks hand 
negritos81 collected $3.63 from pot
*** SUMMARY ***
Total pot $3.80 | Rake $0.17 
Board [Qh 4c 4s Ks 6c]
Seat 2: RohanV (small blind) mucked
Seat 3: negritos81 (big blind) showed [6d 4d] and won ($3.63) with a full house, Fours full of Sixes
Seat 5: nocando012 (button) folded before Flop (didn't bet)



PokerStars Hand #222942931683:  Hold'em No Limit ($0.05/$0.10 USD) - 2021/01/23 22:32:34 ET
Table 'Rosamunde III' 6-max Seat #2 is the button
Seat 2: RohanV ($20.59 in chips) 
Seat 3: negritos81 ($12.99 in chips) 
Seat 4: 0nix770 ($10 in chips) 
Seat 5: nocando012 ($7.03 in chips) 
negritos81: posts small blind $0.05
0nix770: posts big blind $0.10
Vlao: sits out 
skems123: sits out 
*** HOLE CARDS ***
nocando012: folds 
RohanV: folds 
negritos81: raises $0.20 to $0.30
0nix770: folds 
Uncalled bet ($0.20) returned to negritos81
negritos81 collected $0.20 from pot
negritos81: doesn't show hand 
*** SUMMARY ***
Total pot $0.20 | Rake $0 
Seat 2: RohanV (button) folded before Flop (didn't bet)
Seat 3: negritos81 (small blind) collected ($0.20)
Seat 4: 0nix770 (big blind) folded before Flop
Seat 5: nocando012 folded before Flop (didn't bet)



PokerStars Hand #222942936643:  Hold'em No Limit ($0.05/$0.10 USD) - 2021/01/23 22:32:47 ET
Table 'Rosamunde III' 6-max Seat #3 is the button
Seat 2: RohanV ($20.59 in chips) 
Seat 3: negritos81 ($13.09 in chips) 
Seat 4: 0nix770 ($10 in chips) 
Seat 5: nocando012 ($7.03 in chips) 
0nix770: posts small blind $0.05
nocando012: posts big blind $0.10
Vlao: sits out 
skems123: sits out 
*** HOLE CARDS ***
RohanV: raises $0.10 to $0.20
negritos81: raises $0.90 to $1.10
0nix770: folds 
nocando012: folds 
RohanV: folds 
Uncalled bet ($0.90) returned to negritos81
negritos81 collected $0.55 from pot
negritos81: doesn't show hand 
*** SUMMARY ***
Total pot $0.55 | Rake $0 
Seat 2: RohanV folded before Flop
Seat 3: negritos81 (button) collected ($0.55)
Seat 4: 0nix770 (small blind) folded before Flop
Seat 5: nocando012 (big blind) folded before Flop



PokerStars Hand #222942942812:  Hold'em No Limit ($0.05/$0.10 USD) - 2021/01/23 22:33:05 ET
Table 'Rosamunde III' 6-max Seat #4 is the button
Seat 2: RohanV ($20.39 in chips) 
Seat 3: negritos81 ($13.44 in chips) 
Seat 4: 0nix770 ($10 in chips) 
Seat 5: nocando012 ($6.93 in chips) 
Seat 6: Vlao ($10 in chips) 
nocando012: posts small blind $0.05
Vlao: posts big blind $0.10
skems123: sits out 
*** HOLE CARDS ***
RohanV: raises $0.10 to $0.20
negritos81: raises $0.90 to $1.10
0nix770: folds 
nocando012: folds 
Vlao: folds 
RohanV: folds 
Uncalled bet ($0.90) returned to negritos81
negritos81 collected $0.55 from pot
negritos81: doesn't show hand 
*** SUMMARY ***
Total pot $0.55 | Rake $0 
Seat 2: RohanV folded before Flop
Seat 3: negritos81 collected ($0.55)
Seat 4: 0nix770 (button) folded before Flop (didn't bet)
Seat 5: nocando012 (small blind) folded before Flop
Seat 6: Vlao (big blind) folded before Flop



PokerStars Hand #222942949907:  Hold'em No Limit ($0.05/$0.10 USD) - 2021/01/23 22:33:25 ET
Table 'Rosamunde III' 6-max Seat #5 is the button
Seat 1: skems123 ($17.03 in chips) 
Seat 2: RohanV ($20.19 in chips) 
Seat 3: negritos81 ($13.79 in chips) 
Seat 4: 0nix770 ($10 in chips) 
Seat 5: nocando012 ($6.88 in chips) 
Seat 6: Vlao ($10 in chips) 
Vlao: posts small blind $0.05
skems123: posts big blind $0.10
*** HOLE CARDS ***
RohanV: folds 
negritos81: folds 
0nix770: folds 
nocando012: calls $0.10
Vlao: calls $0.05
skems123: checks 
*** FLOP *** [Js 7c 2d]
Vlao: checks 
skems123: checks 
nocando012: checks 
*** TURN *** [Js 7c 2d] [Qc]
Vlao: checks 
skems123: checks 
nocando012: checks 
*** RIVER *** [Js 7c 2d Qc] [Jh]
Vlao: checks 
skems123: checks 
nocando012: checks 
*** SHOW DOWN ***
Vlao: shows [6d 3d] (a pair of Jacks)
skems123: shows [5s 2c] (two pair, Jacks and Deuces)
nocando012: mucks hand 
skems123 collected $0.29 from pot
*** SUMMARY ***
Total pot $0.30 | Rake $0.01 
Board [Js 7c 2d Qc Jh]
Seat 1: skems123 (big blind) showed [5s 2c] and won ($0.29) with two pair, Jacks and Deuces
Seat 2: RohanV folded before Flop (didn't bet)
Seat 3: negritos81 folded before Flop (didn't bet)
Seat 4: 0nix770 folded before Flop (didn't bet)
Seat 5: nocando012 (button) mucked
Seat 6: Vlao (small blind) showed [6d 3d] and lost with a pair of Jacks



PokerStars Hand #222942977633:  Hold'em No Limit ($0.05/$0.10 USD) - 2021/01/23 22:34:27 ET
Table 'Rosamunde III' 6-max Seat #6 is the button
Seat 1: skems123 ($17.22 in chips) 
Seat 2: RohanV ($20.19 in chips) 
Seat 3: negritos81 ($13.79 in chips) 
Seat 4: 0nix770 ($10 in chips) 
Seat 5: nocando012 ($6.78 in chips) 
Seat 6: Vlao ($10 in chips) 
skems123: posts small blind $0.05
RohanV: posts big blind $0.10
*** HOLE CARDS ***
negritos81: folds 
0nix770: folds 
nocando012: folds 
Vlao: folds 
skems123: folds 
Uncalled bet ($0.05) returned to RohanV
RohanV collected $0.10 from pot
*** SUMMARY ***
Total pot $0.10 | Rake $0 
Seat 1: skems123 (small blind) folded before Flop
Seat 2: RohanV (big blind) collected ($0.10)
Seat 3: negritos81 folded before Flop (didn't bet)
Seat 4: 0nix770 folded before Flop (didn't bet)
Seat 5: nocando012 folded before Flop (didn't bet)
Seat 6: Vlao (button) folded before Flop (didn't bet)



PokerStars Hand #222942982755:  Hold'em No Limit ($0.05/$0.10 USD) - 2021/01/23 22:34:41 ET
Table 'Rosamunde III' 6-max Seat #1 is the button
Seat 1: skems123 ($17.17 in chips) 
Seat 2: RohanV ($20.24 in chips) 
Seat 3: negritos81 ($13.79 in chips) 
Seat 4: 0nix770 ($10 in chips) 
Seat 5: nocando012 ($6.78 in chips) 
Seat 6: Vlao ($10 in chips) 
RohanV: posts small blind $0.05
negritos81: posts big blind $0.10
*** HOLE CARDS ***
0nix770: folds 
nocando012: folds 
Vlao: folds 
skems123: folds 
RohanV: raises $0.10 to $0.20
negritos81: folds 
Uncalled bet ($0.10) returned to RohanV
RohanV collected $0.20 from pot
*** SUMMARY ***
Total pot $0.20 | Rake $0 
Seat 1: skems123 (button) folded before Flop (didn't bet)
Seat 2: RohanV (small blind) collected ($0.20)
Seat 3: negritos81 (big blind) folded before Flop
Seat 4: 0nix770 folded before Flop (didn't bet)
Seat 5: nocando012 folded before Flop (didn't bet)
Seat 6: Vlao folded before Flop (didn't bet)



PokerStars Hand #222942987736:  Hold'em No Limit ($0.05/$0.10 USD) - 2021/01/23 22:34:56 ET
Table 'Rosamunde III' 6-max Seat #2 is the button
Seat 1: skems123 ($17.17 in chips) 
Seat 2: RohanV ($20.34 in chips) 
Seat 3: negritos81 ($13.69 in chips) 
Seat 4: 0nix770 ($10 in chips) 
Seat 5: nocando012 ($6.78 in chips) 
Seat 6: Vlao ($10 in chips) 
negritos81: posts small blind $0.05
0nix770: posts big blind $0.10
*** HOLE CARDS ***
nocando012: folds 
Vlao: folds 
skems123: raises $0.15 to $0.25
RohanV: folds 
negritos81: folds 
0nix770: folds 
Uncalled bet ($0.15) returned to skems123
skems123 collected $0.25 from pot
skems123: doesn't show hand 
*** SUMMARY ***
Total pot $0.25 | Rake $0 
Seat 1: skems123 collected ($0.25)
Seat 2: RohanV (button) folded before Flop (didn't bet)
Seat 3: negritos81 (small blind) folded before Flop
Seat 4: 0nix770 (big blind) folded before Flop
Seat 5: nocando012 folded before Flop (didn't bet)
Seat 6: Vlao folded before Flop (didn't bet)



PokerStars Hand #222942995406:  Hold'em No Limit ($0.05/$0.10 USD) - 2021/01/23 22:35:17 ET
Table 'Rosamunde III' 6-max Seat #3 is the button
Seat 1: skems123 ($17.32 in chips) 
Seat 2: RohanV ($20.34 in chips) 
Seat 3: negritos81 ($13.64 in chips) 
Seat 4: 0nix770 ($10 in chips) 
Seat 5: nocando012 ($6.78 in chips) 
Seat 6: Vlao ($10 in chips) 
0nix770: posts small blind $0.05
nocando012: posts big blind $0.10
*** HOLE CARDS ***
Vlao: folds 
skems123: folds 
RohanV: calls $0.10
negritos81: folds 
0nix770: folds 
nocando012: checks 
*** FLOP *** [Qd 7h 6h]
nocando012: checks 
RohanV: checks 
*** TURN *** [Qd 7h 6h] [9c]
nocando012: bets $0.10
RohanV: calls $0.10
*** RIVER *** [Qd 7h 6h 9c] [4c]
nocando012: checks 
RohanV: checks 
*** SHOW DOWN ***
nocando012: shows [As 9d] (a pair of Nines)
RohanV: mucks hand 
nocando012 collected $0.43 from pot
*** SUMMARY ***
Total pot $0.45 | Rake $0.02 
Board [Qd 7h 6h 9c 4c]
Seat 1: skems123 folded before Flop (didn't bet)
Seat 2: RohanV mucked
Seat 3: negritos81 (button) folded before Flop (didn't bet)
Seat 4: 0nix770 (small blind) folded before Flop
Seat 5: nocando012 (big blind) showed [As 9d] and won ($0.43) with a pair of Nines
Seat 6: Vlao folded before Flop (didn't bet)



PokerStars Hand #222943007446:  Hold'em No Limit ($0.05/$0.10 USD) - 2021/01/23 22:35:51 ET
Table 'Rosamunde III' 6-max Seat #4 is the button
Seat 1: skems123 ($17.32 in chips) 
Seat 2: RohanV ($20.14 in chips) 
Seat 3: negritos81 ($13.64 in chips) 
Seat 4: 0nix770 ($10 in chips) 
Seat 5: nocando012 ($7.01 in chips) 
Seat 6: Vlao ($10 in chips) 
nocando012: posts small blind $0.05
Vlao: posts big blind $0.10
*** HOLE CARDS ***
skems123: folds 
RohanV: folds 
negritos81: folds 
0nix770: folds 
nocando012: folds 
Uncalled bet ($0.05) returned to Vlao
Vlao collected $0.10 from pot
*** SUMMARY ***
Total pot $0.10 | Rake $0 
Seat 1: skems123 folded before Flop (didn't bet)
Seat 2: RohanV folded before Flop (didn't bet)
Seat 3: negritos81 folded before Flop (didn't bet)
Seat 4: 0nix770 (button) folded before Flop (didn't bet)
Seat 5: nocando012 (small blind) folded before Flop
Seat 6: Vlao (big blind) collected ($0.10)



PokerStars Hand #222943010939:  Hold'em No Limit ($0.05/$0.10 USD) - 2021/01/23 22:36:01 ET
Table 'Rosamunde III' 6-max Seat #5 is the button
Seat 1: skems123 ($17.32 in chips) 
Seat 2: RohanV ($20.14 in chips) 
Seat 3: negritos81 ($13.64 in chips) 
Seat 4: 0nix770 ($10 in chips) 
Seat 5: nocando012 ($6.96 in chips) 
Seat 6: Vlao ($10.05 in chips) 
Vlao: posts small blind $0.05
skems123: posts big blind $0.10
*** HOLE CARDS ***
RohanV: folds 
negritos81: folds 
0nix770: folds 
nocando012: folds 
Vlao: folds 
Uncalled bet ($0.05) returned to skems123
skems123 collected $0.10 from pot
skems123: doesn't show hand 
*** SUMMARY ***
Total pot $0.10 | Rake $0 
Seat 1: skems123 (big blind) collected ($0.10)
Seat 2: RohanV folded before Flop (didn't bet)
Seat 3: negritos81 folded before Flop (didn't bet)
Seat 4: 0nix770 folded before Flop (didn't bet)
Seat 5: nocando012 (button) folded before Flop (didn't bet)
Seat 6: Vlao (small blind) folded before Flop



PokerStars Hand #222943015095:  Hold'em No Limit ($0.05/$0.10 USD) - 2021/01/23 22:36:13 ET
Table 'Rosamunde III' 6-max Seat #6 is the button
Seat 1: skems123 ($17.37 in chips) 
Seat 2: RohanV ($20.14 in chips) 
Seat 3: negritos81 ($13.64 in chips) 
Seat 4: 0nix770 ($10 in chips) 
Seat 5: nocando012 ($6.96 in chips) 
Seat 6: Vlao ($10 in chips) 
skems123: posts small blind $0.05
RohanV: posts big blind $0.10
*** HOLE CARDS ***
negritos81: folds 
0nix770: raises $0.20 to $0.30
nocando012: folds 
Vlao: folds 
skems123: folds 
RohanV: calls $0.20
*** FLOP *** [8c 3d 5d]
RohanV: checks 
0nix770: bets $0.27
RohanV: calls $0.27
*** TURN *** [8c 3d 5d] [Ah]
RohanV: checks 
0nix770 is disconnected 
0nix770 is connected 
0nix770: checks 
*** RIVER *** [8c 3d 5d Ah] [9c]
RohanV: bets $0.57
0nix770: raises $1.23 to $1.80
RohanV: folds 
Uncalled bet ($1.23) returned to 0nix770
0nix770 collected $2.23 from pot
0nix770: doesn't show hand 
*** SUMMARY ***
Total pot $2.33 | Rake $0.10 
Board [8c 3d 5d Ah 9c]
Seat 1: skems123 (small blind) folded before Flop
Seat 2: RohanV (big blind) folded on the River
Seat 3: negritos81 folded before Flop (didn't bet)
Seat 4: 0nix770 collected ($2.23)
Seat 5: nocando012 folded before Flop (didn't bet)
Seat 6: Vlao (button) folded before Flop (didn't bet)



PokerStars Hand #222943040968:  Hold'em No Limit ($0.05/$0.10 USD) - 2021/01/23 22:37:27 ET
Table 'Rosamunde III' 6-max Seat #1 is the button
Seat 1: skems123 ($17.32 in chips) 
Seat 2: RohanV ($19 in chips) 
Seat 3: negritos81 ($13.64 in chips) 
Seat 4: 0nix770 ($11.09 in chips) 
Seat 5: nocando012 ($6.96 in chips) 
Seat 6: Vlao ($10 in chips) 
RohanV: posts small blind $0.05
negritos81: posts big blind $0.10
*** HOLE CARDS ***
0nix770: folds 
nocando012: raises $0.20 to $0.30
Vlao: folds 
skems123: calls $0.30
RohanV: folds 
negritos81: folds 
*** FLOP *** [3d 8d 4h]
nocando012: bets $0.36
skems123: folds 
Uncalled bet ($0.36) returned to nocando012
nocando012 collected $0.72 from pot
nocando012: doesn't show hand 
*** SUMMARY ***
Total pot $0.75 | Rake $0.03 
Board [3d 8d 4h]
Seat 1: skems123 (button) folded on the Flop
Seat 2: RohanV (small blind) folded before Flop
Seat 3: negritos81 (big blind) folded before Flop
Seat 4: 0nix770 folded before Flop (didn't bet)
Seat 5: nocando012 collected ($0.72)
Seat 6: Vlao folded before Flop (didn't bet)



PokerStars Hand #222943052244:  Hold'em No Limit ($0.05/$0.10 USD) - 2021/01/23 22:37:59 ET
Table 'Rosamunde III' 6-max Seat #2 is the button
Seat 1: skems123 ($17.02 in chips) 
Seat 2: RohanV ($18.95 in chips) 
Seat 3: negritos81 ($13.54 in chips) 
Seat 4: 0nix770 ($11.09 in chips) 
Seat 5: nocando012 ($7.38 in chips) 
Seat 6: Vlao ($10 in chips) 
negritos81: posts small blind $0.05
0nix770: posts big blind $0.10
*** HOLE CARDS ***
nocando012: folds 
Vlao: folds 
skems123: raises $0.15 to $0.25
RohanV: folds 
negritos81: folds 
0nix770: folds 
Uncalled bet ($0.15) returned to skems123
skems123 collected $0.25 from pot
skems123: doesn't show hand 
*** SUMMARY ***
Total pot $0.25 | Rake $0 
Seat 1: skems123 collected ($0.25)
Seat 2: RohanV (button) folded before Flop (didn't bet)
Seat 3: negritos81 (small blind) folded before Flop
Seat 4: 0nix770 (big blind) folded before Flop
Seat 5: nocando012 folded before Flop (didn't bet)
Seat 6: Vlao folded before Flop (didn't bet)



PokerStars Hand #222943061211:  Hold'em No Limit ($0.05/$0.10 USD) - 2021/01/23 22:38:24 ET
Table 'Rosamunde III' 6-max Seat #3 is the button
Seat 1: skems123 ($17.17 in chips) 
Seat 2: RohanV ($18.95 in chips) 
Seat 3: negritos81 ($13.49 in chips) 
Seat 4: 0nix770 ($10.99 in chips) 
Seat 5: nocando012 ($7.38 in chips) 
Seat 6: Vlao ($10 in chips) 
0nix770: posts small blind $0.05
nocando012: posts big blind $0.10
*** HOLE CARDS ***
Vlao: folds 
skems123: folds 
RohanV: folds 
negritos81: folds 
0nix770: folds 
Uncalled bet ($0.05) returned to nocando012
nocando012 collected $0.10 from pot
nocando012: doesn't show hand 
*** SUMMARY ***
Total pot $0.10 | Rake $0 
Seat 1: skems123 folded before Flop (didn't bet)
Seat 2: RohanV folded before Flop (didn't bet)
Seat 3: negritos81 (button) folded before Flop (didn't bet)
Seat 4: 0nix770 (small blind) folded before Flop
Seat 5: nocando012 (big blind) collected ($0.10)
Seat 6: Vlao folded before Flop (didn't bet)



PokerStars Hand #222943066986:  Hold'em No Limit ($0.05/$0.10 USD) - 2021/01/23 22:38:41 ET
Table 'Rosamunde III' 6-max Seat #4 is the button
Seat 1: skems123 ($17.17 in chips) 
Seat 2: RohanV ($18.95 in chips) 
Seat 3: negritos81 ($13.49 in chips) 
Seat 4: 0nix770 ($10.94 in chips) 
Seat 5: nocando012 ($7.43 in chips) 
Seat 6: Vlao ($10 in chips) 
nocando012: posts small blind $0.05
Vlao: posts big blind $0.10
*** HOLE CARDS ***
skems123: folds 
RohanV: folds 
negritos81: raises $0.20 to $0.30
0nix770: folds 
nocando012: folds 
Vlao: folds 
Uncalled bet ($0.20) returned to negritos81
negritos81 collected $0.25 from pot
negritos81: doesn't show hand 
*** SUMMARY ***
Total pot $0.25 | Rake $0 
Seat 1: skems123 folded before Flop (didn't bet)
Seat 2: RohanV folded before Flop (didn't bet)
Seat 3: negritos81 collected ($0.25)
Seat 4: 0nix770 (button) folded before Flop (didn't bet)
Seat 5: nocando012 (small blind) folded before Flop
Seat 6: Vlao (big blind) folded before Flop



PokerStars Hand #222943072516:  Hold'em No Limit ($0.05/$0.10 USD) - 2021/01/23 22:38:57 ET
Table 'Rosamunde III' 6-max Seat #5 is the button
Seat 1: skems123 ($17.17 in chips) 
Seat 2: RohanV ($18.95 in chips) 
Seat 3: negritos81 ($13.64 in chips) 
Seat 4: 0nix770 ($10.94 in chips) 
Seat 5: nocando012 ($7.38 in chips) 
Seat 6: Vlao ($10 in chips) 
Vlao: posts small blind $0.05
skems123: posts big blind $0.10
*** HOLE CARDS ***
RohanV: raises $0.10 to $0.20
negritos81: folds 
0nix770: folds 
nocando012: folds 
Vlao: folds 
skems123: folds 
Uncalled bet ($0.10) returned to RohanV
RohanV collected $0.25 from pot
*** SUMMARY ***
Total pot $0.25 | Rake $0 
Seat 1: skems123 (big blind) folded before Flop
Seat 2: RohanV collected ($0.25)
Seat 3: negritos81 folded before Flop (didn't bet)
Seat 4: 0nix770 folded before Flop (didn't bet)
Seat 5: nocando012 (button) folded before Flop (didn't bet)
Seat 6: Vlao (small blind) folded before Flop



PokerStars Hand #222943077413:  Hold'em No Limit ($0.05/$0.10 USD) - 2021/01/23 22:39:11 ET
Table 'Rosamunde III' 6-max Seat #6 is the button
Seat 1: skems123 ($17.07 in chips) 
Seat 2: RohanV ($19.10 in chips) 
Seat 3: negritos81 ($13.64 in chips) 
Seat 4: 0nix770 ($10.94 in chips) 
Seat 5: nocando012 ($7.38 in chips) 
Seat 6: Vlao ($10 in chips) 
skems123: posts small blind $0.05
RohanV: posts big blind $0.10
*** HOLE CARDS ***
negritos81: folds 
0nix770: folds 
nocando012: raises $0.20 to $0.30
Vlao: folds 
skems123: folds 
RohanV: folds 
Uncalled bet ($0.20) returned to nocando012
nocando012 collected $0.25 from pot
*** SUMMARY ***
Total pot $0.25 | Rake $0 
Seat 1: skems123 (small blind) folded before Flop
Seat 2: RohanV (big blind) folded before Flop
Seat 3: negritos81 folded before Flop (didn't bet)
Seat 4: 0nix770 folded before Flop (didn't bet)
Seat 5: nocando012 collected ($0.25)
Seat 6: Vlao (button) folded before Flop (didn't bet)



PokerStars Hand #222943086493:  Hold'em No Limit ($0.05/$0.10 USD) - 2021/01/23 22:39:37 ET
Table 'Rosamunde III' 6-max Seat #1 is the button
Seat 1: skems123 ($17.02 in chips) 
Seat 2: RohanV ($19 in chips) 
Seat 3: negritos81 ($13.64 in chips) 
Seat 4: 0nix770 ($10.94 in chips) 
Seat 5: nocando012 ($7.53 in chips) 
Seat 6: Vlao ($10 in chips) 
RohanV: posts small blind $0.05
negritos81: posts big blind $0.10
*** HOLE CARDS ***
0nix770: folds 
nocando012: folds 
Vlao: folds 
skems123: folds 
RohanV: raises $0.10 to $0.20
negritos81: folds 
Uncalled bet ($0.10) returned to RohanV
RohanV collected $0.20 from pot
*** SUMMARY ***
Total pot $0.20 | Rake $0 
Seat 1: skems123 (button) folded before Flop (didn't bet)
Seat 2: RohanV (small blind) collected ($0.20)
Seat 3: negritos81 (big blind) folded before Flop
Seat 4: 0nix770 folded before Flop (didn't bet)
Seat 5: nocando012 folded before Flop (didn't bet)
Seat 6: Vlao folded before Flop (didn't bet)



PokerStars Hand #222943092399:  Hold'em No Limit ($0.05/$0.10 USD) - 2021/01/23 22:39:54 ET
Table 'Rosamunde III' 6-max Seat #2 is the button
Seat 1: skems123 ($17.02 in chips) 
Seat 2: RohanV ($19.10 in chips) 
Seat 3: negritos81 ($13.54 in chips) 
Seat 4: 0nix770 ($10.94 in chips) 
Seat 5: nocando012 ($7.53 in chips) 
Seat 6: Vlao ($10 in chips) 
negritos81: posts small blind $0.05
0nix770: posts big blind $0.10
*** HOLE CARDS ***
nocando012: folds 
Vlao: folds 
skems123: raises $0.15 to $0.25
RohanV: folds 
negritos81: raises $0.85 to $1.10
0nix770: folds 
skems123: calls $0.85
*** FLOP *** [3h Th Ks]
negritos81: bets $1.12
skems123: folds 
Uncalled bet ($1.12) returned to negritos81
negritos81 collected $2.20 from pot
negritos81: doesn't show hand 
*** SUMMARY ***
Total pot $2.30 | Rake $0.10 
Board [3h Th Ks]
Seat 1: skems123 folded on the Flop
Seat 2: RohanV (button) folded before Flop (didn't bet)
Seat 3: negritos81 (small blind) collected ($2.20)
Seat 4: 0nix770 (big blind) folded before Flop
Seat 5: nocando012 folded before Flop (didn't bet)
Seat 6: Vlao folded before Flop (didn't bet)



PokerStars Hand #222943106760:  Hold'em No Limit ($0.05/$0.10 USD) - 2021/01/23 22:40:36 ET
Table 'Rosamunde III' 6-max Seat #3 is the button
Seat 1: skems123 ($15.92 in chips) 
Seat 2: RohanV ($19.10 in chips) 
Seat 3: negritos81 ($14.64 in chips) 
Seat 4: 0nix770 ($10.84 in chips) 
Seat 5: nocando012 ($7.53 in chips) 
Seat 6: Vlao ($10 in chips) 
0nix770: posts small blind $0.05
nocando012: posts big blind $0.10
*** HOLE CARDS ***
Vlao: folds 
skems123: raises $0.15 to $0.25
RohanV: calls $0.25
negritos81: folds 
0nix770: folds 
nocando012: calls $0.15
*** FLOP *** [3d Jh 3c]
nocando012: bets $0.38
skems123: folds 
RohanV: folds 
Uncalled bet ($0.38) returned to nocando012
nocando012 collected $0.76 from pot
*** SUMMARY ***
Total pot $0.80 | Rake $0.04 
Board [3d Jh 3c]
Seat 1: skems123 folded on the Flop
Seat 2: RohanV folded on the Flop
Seat 3: negritos81 (button) folded before Flop (didn't bet)
Seat 4: 0nix770 (small blind) folded before Flop
Seat 5: nocando012 (big blind) collected ($0.76)
Seat 6: Vlao folded before Flop (didn't bet)



PokerStars Hand #222943115858:  Hold'em No Limit ($0.05/$0.10 USD) - 2021/01/23 22:41:02 ET
Table 'Rosamunde III' 6-max Seat #4 is the button
Seat 1: skems123 ($15.67 in chips) 
Seat 2: RohanV ($18.85 in chips) 
Seat 3: negritos81 ($14.64 in chips) 
Seat 4: 0nix770 ($10.79 in chips) 
Seat 5: nocando012 ($8.04 in chips) 
Seat 6: Vlao ($10 in chips) 
nocando012: posts small blind $0.05
Vlao: posts big blind $0.10
*** HOLE CARDS ***
skems123: folds 
RohanV: folds 
negritos81: raises $0.20 to $0.30
0nix770: folds 
nocando012: calls $0.25
Vlao: folds 
*** FLOP *** [8h 9c Jd]
nocando012: bets $0.33
negritos81: calls $0.33
*** TURN *** [8h 9c Jd] [9d]
nocando012: bets $0.65
negritos81: calls $0.65
*** RIVER *** [8h 9c Jd 9d] [5h]
nocando012: bets $1.27
negritos81: calls $1.27
*** SHOW DOWN ***
nocando012: shows [9s Ac] (three of a kind, Nines)
negritos81: mucks hand 
nocando012 collected $4.97 from pot
*** SUMMARY ***
Total pot $5.20 | Rake $0.23 
Board [8h 9c Jd 9d 5h]
Seat 1: skems123 folded before Flop (didn't bet)
Seat 2: RohanV folded before Flop (didn't bet)
Seat 3: negritos81 mucked
Seat 4: 0nix770 (button) folded before Flop (didn't bet)
Seat 5: nocando012 (small blind) showed [9s Ac] and won ($4.97) with three of a kind, Nines
Seat 6: Vlao (big blind) folded before Flop



PokerStars Hand #222943133021:  Hold'em No Limit ($0.05/$0.10 USD) - 2021/01/23 22:41:51 ET
Table 'Rosamunde III' 6-max Seat #5 is the button
Seat 1: skems123 ($15.67 in chips) 
Seat 2: RohanV ($18.85 in chips) 
Seat 3: negritos81 ($12.09 in chips) 
Seat 4: 0nix770 ($10.79 in chips) 
Seat 5: nocando012 ($10.46 in chips) 
Seat 6: Vlao ($10 in chips) 
Vlao: posts small blind $0.05
skems123: posts big blind $0.10
*** HOLE CARDS ***
RohanV: folds 
negritos81: folds 
0nix770: folds 
nocando012: folds 
Vlao: folds 
Uncalled bet ($0.05) returned to skems123
skems123 collected $0.10 from pot
skems123: doesn't show hand 
*** SUMMARY ***
Total pot $0.10 | Rake $0 
Seat 1: skems123 (big blind) collected ($0.10)
Seat 2: RohanV folded before Flop (didn't bet)
Seat 3: negritos81 folded before Flop (didn't bet)
Seat 4: 0nix770 folded before Flop (didn't bet)
Seat 5: nocando012 (button) folded before Flop (didn't bet)
Seat 6: Vlao (small blind) folded before Flop



PokerStars Hand #222943136625:  Hold'em No Limit ($0.05/$0.10 USD) - 2021/01/23 22:42:02 ET
Table 'Rosamunde III' 6-max Seat #6 is the button
Seat 1: skems123 ($15.72 in chips) 
Seat 2: RohanV ($18.85 in chips) 
Seat 3: negritos81 ($12.09 in chips) 
Seat 4: 0nix770 ($10.79 in chips) 
Seat 5: nocando012 ($10.46 in chips) 
Seat 6: Vlao ($10 in chips) 
skems123: posts small blind $0.05
RohanV: posts big blind $0.10
*** HOLE CARDS ***
negritos81: folds 
0nix770: folds 
nocando012: calls $0.10
Vlao: folds 
skems123: folds 
RohanV: checks 
*** FLOP *** [8d Qc Ts]
RohanV: checks 
nocando012: checks 
*** TURN *** [8d Qc Ts] [Tc]
RohanV: checks 
nocando012: bets $0.10
RohanV: calls $0.10
*** RIVER *** [8d Qc Ts Tc] [Qh]
RohanV: checks 
nocando012: checks 
*** SHOW DOWN ***
RohanV: shows [5s 9h] (two pair, Queens and Tens)
nocando012: mucks hand 
RohanV collected $0.43 from pot
*** SUMMARY ***
Total pot $0.45 | Rake $0.02 
Board [8d Qc Ts Tc Qh]
Seat 1: skems123 (small blind) folded before Flop
Seat 2: RohanV (big blind) showed [5s 9h] and won ($0.43) with two pair, Queens and Tens
Seat 3: negritos81 folded before Flop (didn't bet)
Seat 4: 0nix770 folded before Flop (didn't bet)
Seat 5: nocando012 mucked
Seat 6: Vlao (button) folded before Flop (didn't bet)



PokerStars Hand #222943332087:  Hold'em No Limit ($0.05/$0.10 USD) - 2021/01/23 22:51:01 ET
Table 'Rosamunde III' 6-max Seat #5 is the button
Seat 1: skems123 ($15.37 in chips) 
Seat 2: RohanV ($18.02 in chips) 
Seat 3: negritos81 ($13.06 in chips) 
Seat 5: nocando012 ($10.25 in chips) 
Seat 6: Vlao ($10.15 in chips) 
Vlao: posts small blind $0.05
skems123: posts big blind $0.10
*** HOLE CARDS ***
RohanV: raises $0.10 to $0.20
negritos81: folds 
nocando012: folds 
Vlao: folds 
skems123: calls $0.10
*** FLOP *** [7s 7c Ah]
skems123: checks 
RohanV: checks 
*** TURN *** [7s 7c Ah] [Qd]
skems123: checks 
RohanV: checks 
*** RIVER *** [7s 7c Ah Qd] [Kc]
skems123: checks 
RohanV: bets $0.31
skems123: folds 
Uncalled bet ($0.31) returned to RohanV
RohanV collected $0.43 from pot
*** SUMMARY ***
Total pot $0.45 | Rake $0.02 
Board [7s 7c Ah Qd Kc]
Seat 1: skems123 (big blind) folded on the River
Seat 2: RohanV collected ($0.43)
Seat 3: negritos81 folded before Flop (didn't bet)
Seat 5: nocando012 (button) folded before Flop (didn't bet)
Seat 6: Vlao (small blind) folded before Flop



PokerStars Hand #222943351866:  Hold'em No Limit ($0.05/$0.10 USD) - 2021/01/23 22:51:39 ET
Table 'Rosamunde III' 6-max Seat #6 is the button
Seat 1: skems123 ($15.17 in chips) 
Seat 2: RohanV ($18.25 in chips) 
Seat 3: negritos81 ($13.06 in chips) 
Seat 5: nocando012 ($10.25 in chips) 
Seat 6: Vlao ($10.10 in chips) 
skems123: posts small blind $0.05
RohanV: posts big blind $0.10
*** HOLE CARDS ***
negritos81: folds 
nocando012: folds 
Vlao: folds 
skems123: calls $0.05
RohanV: raises $0.30 to $0.40
skems123: folds 
Uncalled bet ($0.30) returned to RohanV
RohanV collected $0.20 from pot
*** SUMMARY ***
Total pot $0.20 | Rake $0 
Seat 1: skems123 (small blind) folded before Flop
Seat 2: RohanV (big blind) collected ($0.20)
Seat 3: negritos81 folded before Flop (didn't bet)
Seat 5: nocando012 folded before Flop (didn't bet)
Seat 6: Vlao (button) folded before Flop (didn't bet)



PokerStars Hand #222943363612:  Hold'em No Limit ($0.05/$0.10 USD) - 2021/01/23 22:52:14 ET
Table 'Rosamunde III' 6-max Seat #1 is the button
Seat 1: skems123 ($15.07 in chips) 
Seat 2: RohanV ($18.35 in chips) 
Seat 5: nocando012 ($10.25 in chips) 
Seat 6: Vlao ($10.10 in chips) 
RohanV: posts small blind $0.05
nocando012: posts big blind $0.10
*** HOLE CARDS ***
Vlao: folds 
skems123: folds 
RohanV: raises $0.10 to $0.20
nocando012: folds 
Uncalled bet ($0.10) returned to RohanV
RohanV collected $0.20 from pot
0nix770 was removed from the table for failing to post
0nix770 leaves the table
*** SUMMARY ***
Total pot $0.20 | Rake $0 
Seat 1: skems123 (button) folded before Flop (didn't bet)
Seat 2: RohanV (small blind) collected ($0.20)
Seat 5: nocando012 (big blind) folded before Flop
Seat 6: Vlao folded before Flop (didn't bet)



PokerStars Hand #222943365882:  Hold'em No Limit ($0.05/$0.10 USD) - 2021/01/23 22:52:21 ET
Table 'Rosamunde III' 6-max Seat #2 is the button
Seat 1: skems123 ($15.07 in chips) 
Seat 2: RohanV ($18.45 in chips) 
Seat 5: nocando012 ($10.15 in chips) 
Seat 6: Vlao ($10.10 in chips) 
nocando012: posts small blind $0.05
Vlao: posts big blind $0.10
*** HOLE CARDS ***
skems123: folds 
RohanV: raises $0.10 to $0.20
nocando012: folds 
Vlao: folds 
Uncalled bet ($0.10) returned to RohanV
RohanV collected $0.25 from pot
*** SUMMARY ***
Total pot $0.25 | Rake $0 
Seat 1: skems123 folded before Flop (didn't bet)
Seat 2: RohanV (button) collected ($0.25)
Seat 5: nocando012 (small blind) folded before Flop
Seat 6: Vlao (big blind) folded before Flop



PokerStars Hand #222943368959:  Hold'em No Limit ($0.05/$0.10 USD) - 2021/01/23 22:52:30 ET
Table 'Rosamunde III' 6-max Seat #5 is the button
Seat 1: skems123 ($15.07 in chips) 
Seat 2: RohanV ($18.60 in chips) 
Seat 5: nocando012 ($10.10 in chips) 
Seat 6: Vlao ($10 in chips) 
Vlao: posts small blind $0.05
skems123: posts big blind $0.10
*** HOLE CARDS ***
RohanV: raises $0.10 to $0.20
nocando012: folds 
Vlao: folds 
0nix770 joins the table at seat #4 
skems123: calls $0.10
*** FLOP *** [3c Th Td]
skems123: checks 
RohanV: bets $0.10
skems123: folds 
Uncalled bet ($0.10) returned to RohanV
RohanV collected $0.43 from pot
*** SUMMARY ***
Total pot $0.45 | Rake $0.02 
Board [3c Th Td]
Seat 1: skems123 (big blind) folded on the Flop
Seat 2: RohanV collected ($0.43)
Seat 5: nocando012 (button) folded before Flop (didn't bet)
Seat 6: Vlao (small blind) folded before Flop



PokerStars Hand #222943377602:  Hold'em No Limit ($0.05/$0.10 USD) - 2021/01/23 22:52:55 ET
Table 'Rosamunde III' 6-max Seat #6 is the button
Seat 1: skems123 ($14.87 in chips) 
Seat 2: RohanV ($18.83 in chips) 
Seat 5: nocando012 ($10.10 in chips) 
Seat 6: Vlao ($10 in chips) 
skems123: posts small blind $0.05
RohanV: posts big blind $0.10
0nix770: sits out 
*** HOLE CARDS ***
nocando012: folds 
Vlao: raises $0.15 to $0.25
skems123: folds 
RohanV: folds 
Uncalled bet ($0.15) returned to Vlao
Vlao collected $0.25 from pot
*** SUMMARY ***
Total pot $0.25 | Rake $0 
Seat 1: skems123 (small blind) folded before Flop
Seat 2: RohanV (big blind) folded before Flop
Seat 5: nocando012 folded before Flop (didn't bet)
Seat 6: Vlao (button) collected ($0.25)



PokerStars Hand #222943382387:  Hold'em No Limit ($0.05/$0.10 USD) - 2021/01/23 22:53:10 ET
Table 'Rosamunde III' 6-max Seat #1 is the button
Seat 1: skems123 ($14.82 in chips) 
Seat 2: RohanV ($18.73 in chips) 
Seat 4: 0nix770 ($10.79 in chips) 
Seat 5: nocando012 ($10.10 in chips) 
Seat 6: Vlao ($10.15 in chips) 
RohanV: posts small blind $0.05
0nix770: posts big blind $0.10
*** HOLE CARDS ***
nocando012: folds 
Vlao: raises $0.15 to $0.25
skems123: raises $0.65 to $0.90
RohanV: folds 
0nix770: folds 
Vlao: calls $0.65
*** FLOP *** [2s 7c 7s]
Vlao: checks 
skems123: bets $0.40
Vlao: calls $0.40
*** TURN *** [2s 7c 7s] [Kc]
Vlao: checks 
skems123: bets $2.10
Vlao: folds 
Uncalled bet ($2.10) returned to skems123
skems123 collected $2.63 from pot
skems123: doesn't show hand 
*** SUMMARY ***
Total pot $2.75 | Rake $0.12 
Board [2s 7c 7s Kc]
Seat 1: skems123 (button) collected ($2.63)
Seat 2: RohanV (small blind) folded before Flop
Seat 4: 0nix770 (big blind) folded before Flop
Seat 5: nocando012 folded before Flop (didn't bet)
Seat 6: Vlao folded on the Turn



PokerStars Hand #222943406615:  Hold'em No Limit ($0.05/$0.10 USD) - 2021/01/23 22:54:22 ET
Table 'Rosamunde III' 6-max Seat #2 is the button
Seat 1: skems123 ($16.15 in chips) 
Seat 2: RohanV ($18.68 in chips) 
Seat 4: 0nix770 ($10.69 in chips) 
Seat 5: nocando012 ($10.10 in chips) 
Seat 6: Vlao ($10 in chips) 
0nix770: posts small blind $0.05
nocando012: posts big blind $0.10
*** HOLE CARDS ***
Vlao: folds 
skems123: raises $0.15 to $0.25
RohanV: calls $0.25
0nix770: folds 
nocando012: folds 
*** FLOP *** [9h 2s 2c]
skems123: bets $0.31
RohanV: calls $0.31
*** TURN *** [9h 2s 2c] [4s]
skems123: bets $0.91
RohanV: calls $0.91
*** RIVER *** [9h 2s 2c 4s] [Jh]
skems123: bets $1.48
RohanV: folds 
Uncalled bet ($1.48) returned to skems123
skems123 collected $2.95 from pot
skems123: doesn't show hand 
*** SUMMARY ***
Total pot $3.09 | Rake $0.14 
Board [9h 2s 2c 4s Jh]
Seat 1: skems123 collected ($2.95)
Seat 2: RohanV (button) folded on the River
Seat 4: 0nix770 (small blind) folded before Flop
Seat 5: nocando012 (big blind) folded before Flop
Seat 6: Vlao folded before Flop (didn't bet)



PokerStars Hand #222943425468:  Hold'em No Limit ($0.05/$0.10 USD) - 2021/01/23 22:55:22 ET
Table 'Rosamunde III' 6-max Seat #4 is the button
Seat 1: skems123 ($17.63 in chips) 
Seat 2: RohanV ($17.21 in chips) 
Seat 4: 0nix770 ($10.64 in chips) 
Seat 5: nocando012 ($10 in chips) 
Seat 6: Vlao ($10 in chips) 
nocando012: posts small blind $0.05
Vlao: posts big blind $0.10
negritos81: sits out 
*** HOLE CARDS ***
skems123: folds 
RohanV: folds 
0nix770: raises $0.13 to $0.23
nocando012: folds 
Vlao: calls $0.13
*** FLOP *** [8d 8c 6c]
Vlao: checks 
0nix770: bets $0.22
Vlao: folds 
Uncalled bet ($0.22) returned to 0nix770
0nix770 collected $0.49 from pot
0nix770: doesn't show hand 
*** SUMMARY ***
Total pot $0.51 | Rake $0.02 
Board [8d 8c 6c]
Seat 1: skems123 folded before Flop (didn't bet)
Seat 2: RohanV folded before Flop (didn't bet)
Seat 4: 0nix770 (button) collected ($0.49)
Seat 5: nocando012 (small blind) folded before Flop
Seat 6: Vlao (big blind) folded on the Flop



PokerStars Hand #222943434430:  Hold'em No Limit ($0.05/$0.10 USD) - 2021/01/23 22:55:57 ET
Table 'Rosamunde III' 6-max Seat #5 is the button
Seat 1: skems123 ($17.63 in chips) 
Seat 2: RohanV ($17.21 in chips) 
Seat 4: 0nix770 ($10.90 in chips) 
Seat 5: nocando012 ($9.95 in chips) 
Seat 6: Vlao ($10 in chips) 
Vlao: posts small blind $0.05
skems123: posts big blind $0.10
negritos81: sits out 
*** HOLE CARDS ***
RohanV: raises $0.10 to $0.20
0nix770: folds 
nocando012: calls $0.20
Vlao: folds 
skems123: folds 
*** FLOP *** [Ks 3c Js]
RohanV: bets $0.26
nocando012: folds 
Uncalled bet ($0.26) returned to RohanV
RohanV collected $0.53 from pot
*** SUMMARY ***
Total pot $0.55 | Rake $0.02 
Board [Ks 3c Js]
Seat 1: skems123 (big blind) folded before Flop
Seat 2: RohanV collected ($0.53)
Seat 4: 0nix770 folded before Flop (didn't bet)
Seat 5: nocando012 (button) folded on the Flop
Seat 6: Vlao (small blind) folded before Flop



PokerStars Hand #222943439576:  Hold'em No Limit ($0.05/$0.10 USD) - 2021/01/23 22:56:18 ET
Table 'Rosamunde III' 6-max Seat #6 is the button
Seat 1: skems123 ($17.53 in chips) 
Seat 2: RohanV ($17.54 in chips) 
Seat 4: 0nix770 ($10.90 in chips) 
Seat 5: nocando012 ($9.75 in chips) 
Seat 6: Vlao ($10 in chips) 
skems123: posts small blind $0.05
RohanV: posts big blind $0.10
negritos81: sits out 
*** HOLE CARDS ***
0nix770: folds 
nocando012: folds 
Vlao: folds 
skems123: raises $0.20 to $0.30
RohanV: calls $0.20
*** FLOP *** [Jh 6h Js]
skems123: checks 
RohanV: bets $0.10
skems123: calls $0.10
*** TURN *** [Jh 6h Js] [2d]
skems123: checks 
RohanV: bets $0.38
skems123: folds 
Uncalled bet ($0.38) returned to RohanV
RohanV collected $0.76 from pot
*** SUMMARY ***
Total pot $0.80 | Rake $0.04 
Board [Jh 6h Js 2d]
Seat 1: skems123 (small blind) folded on the Turn
Seat 2: RohanV (big blind) collected ($0.76)
Seat 4: 0nix770 folded before Flop (didn't bet)
Seat 5: nocando012 folded before Flop (didn't bet)
Seat 6: Vlao (button) folded before Flop (didn't bet)



PokerStars Hand #222943451672:  Hold'em No Limit ($0.05/$0.10 USD) - 2021/01/23 22:57:05 ET
Table 'Rosamunde III' 6-max Seat #1 is the button
Seat 1: skems123 ($17.13 in chips) 
Seat 2: RohanV ($17.90 in chips) 
Seat 3: negritos81 ($13.06 in chips) 
Seat 4: 0nix770 ($10.90 in chips) 
Seat 5: nocando012 ($9.75 in chips) 
Seat 6: Vlao ($10 in chips) 
RohanV: posts small blind $0.05
negritos81: posts big blind $0.10
*** HOLE CARDS ***
0nix770: folds 
nocando012: raises $0.20 to $0.30
Vlao: folds 
skems123: folds 
RohanV: calls $0.25
negritos81: folds 
*** FLOP *** [Qd 4c Td]
RohanV: checks 
nocando012: checks 
*** TURN *** [Qd 4c Td] [3c]
RohanV: bets $0.20
nocando012: folds 
Uncalled bet ($0.20) returned to RohanV
RohanV collected $0.67 from pot
*** SUMMARY ***
Total pot $0.70 | Rake $0.03 
Board [Qd 4c Td 3c]
Seat 1: skems123 (button) folded before Flop (didn't bet)
Seat 2: RohanV (small blind) collected ($0.67)
Seat 3: negritos81 (big blind) folded before Flop
Seat 4: 0nix770 folded before Flop (didn't bet)
Seat 5: nocando012 folded on the Turn
Seat 6: Vlao folded before Flop (didn't bet)



PokerStars Hand #222943459462:  Hold'em No Limit ($0.05/$0.10 USD) - 2021/01/23 22:57:36 ET
Table 'Rosamunde III' 6-max Seat #2 is the button
Seat 1: skems123 ($17.13 in chips) 
Seat 2: RohanV ($18.27 in chips) 
Seat 3: negritos81 ($12.96 in chips) 
Seat 4: 0nix770 ($10.90 in chips) 
Seat 5: nocando012 ($9.45 in chips) 
Seat 6: Vlao ($10 in chips) 
negritos81: posts small blind $0.05
0nix770: posts big blind $0.10
*** HOLE CARDS ***
nocando012: calls $0.10
Vlao: folds 
skems123: folds 
RohanV: folds 
negritos81: folds 
0nix770: checks 
*** FLOP *** [9h Ks Ac]
0nix770: checks 
nocando012: bets $0.24
0nix770: folds 
Uncalled bet ($0.24) returned to nocando012
nocando012 collected $0.24 from pot
nocando012: doesn't show hand 
*** SUMMARY ***
Total pot $0.25 | Rake $0.01 
Board [9h Ks Ac]
Seat 1: skems123 folded before Flop (didn't bet)
Seat 2: RohanV (button) folded before Flop (didn't bet)
Seat 3: negritos81 (small blind) folded before Flop
Seat 4: 0nix770 (big blind) folded on the Flop
Seat 5: nocando012 collected ($0.24)
Seat 6: Vlao folded before Flop (didn't bet)



PokerStars Hand #222943466605:  Hold'em No Limit ($0.05/$0.10 USD) - 2021/01/23 22:58:04 ET
Table 'Rosamunde III' 6-max Seat #3 is the button
Seat 1: skems123 ($17.13 in chips) 
Seat 2: RohanV ($18.27 in chips) 
Seat 3: negritos81 ($12.91 in chips) 
Seat 4: 0nix770 ($10.80 in chips) 
Seat 5: nocando012 ($9.59 in chips) 
Seat 6: Vlao ($10 in chips) 
0nix770: posts small blind $0.05
nocando012: posts big blind $0.10
*** HOLE CARDS ***
Vlao: folds 
skems123: folds 
RohanV: raises $0.10 to $0.20
negritos81: folds 
0nix770: folds 
nocando012: folds 
Uncalled bet ($0.10) returned to RohanV
RohanV collected $0.25 from pot
*** SUMMARY ***
Total pot $0.25 | Rake $0 
Seat 1: skems123 folded before Flop (didn't bet)
Seat 2: RohanV collected ($0.25)
Seat 3: negritos81 (button) folded before Flop (didn't bet)
Seat 4: 0nix770 (small blind) folded before Flop
Seat 5: nocando012 (big blind) folded before Flop
Seat 6: Vlao folded before Flop (didn't bet)



PokerStars Hand #222943472807:  Hold'em No Limit ($0.05/$0.10 USD) - 2021/01/23 22:58:27 ET
Table 'Rosamunde III' 6-max Seat #4 is the button
Seat 1: skems123 ($17.13 in chips) 
Seat 2: RohanV ($18.42 in chips) 
Seat 3: negritos81 ($12.91 in chips) 
Seat 4: 0nix770 ($10.75 in chips) 
Seat 5: nocando012 ($9.49 in chips) 
Seat 6: Vlao ($10 in chips) 
nocando012: posts small blind $0.05
Vlao: posts big blind $0.10
*** HOLE CARDS ***
skems123: raises $0.15 to $0.25
RohanV: folds 
negritos81: folds 
0nix770: folds 
nocando012: folds 
Vlao: raises $0.75 to $1
skems123: calls $0.75
*** FLOP *** [2d 5s 8c]
Vlao: bets $1.31
skems123: calls $1.31
*** TURN *** [2d 5s 8c] [9h]
Vlao: bets $2.70
negritos81 was removed from the table for failing to post
negritos81 leaves the table
skems123: folds 
Uncalled bet ($2.70) returned to Vlao
Vlao collected $4.46 from pot
*** SUMMARY ***
Total pot $4.67 | Rake $0.21 
Board [2d 5s 8c 9h]
Seat 1: skems123 folded on the Turn
Seat 2: RohanV folded before Flop (didn't bet)
Seat 3: negritos81 folded before Flop (didn't bet)
Seat 4: 0nix770 (button) folded before Flop (didn't bet)
Seat 5: nocando012 (small blind) folded before Flop
Seat 6: Vlao (big blind) collected ($4.46)



PokerStars Hand #222943492434:  Hold'em No Limit ($0.05/$0.10 USD) - 2021/01/23 22:59:45 ET
Table 'Rosamunde III' 6-max Seat #5 is the button
Seat 1: skems123 ($14.82 in chips) 
Seat 2: RohanV ($18.42 in chips) 
Seat 4: 0nix770 ($10.75 in chips) 
Seat 5: nocando012 ($9.44 in chips) 
Seat 6: Vlao ($12.15 in chips) 
Vlao: posts small blind $0.05
skems123: posts big blind $0.10
*** HOLE CARDS ***
RohanV: raises $0.10 to $0.20
0nix770: folds 
nocando012: calls $0.20
Vlao: folds 
skems123: calls $0.10
*** FLOP *** [Ts 7d 3c]
skems123: checks 
RohanV: bets $0.31
SVOLLANT joins the table at seat #3 
nocando012: folds 
skems123: folds 
Uncalled bet ($0.31) returned to RohanV
RohanV collected $0.62 from pot
*** SUMMARY ***
Total pot $0.65 | Rake $0.03 
Board [Ts 7d 3c]
Seat 1: skems123 (big blind) folded on the Flop
Seat 2: RohanV collected ($0.62)
Seat 4: 0nix770 folded before Flop (didn't bet)
Seat 5: nocando012 (button) folded on the Flop
Seat 6: Vlao (small blind) folded before Flop



PokerStars Hand #222943501971:  Hold'em No Limit ($0.05/$0.10 USD) - 2021/01/23 23:00:19 ET
Table 'Rosamunde III' 6-max Seat #6 is the button
Seat 1: skems123 ($14.62 in chips) 
Seat 2: RohanV ($18.84 in chips) 
Seat 4: 0nix770 ($10.75 in chips) 
Seat 5: nocando012 ($9.24 in chips) 
Seat 6: Vlao ($12.10 in chips) 
skems123: posts small blind $0.05
RohanV: posts big blind $0.10
SVOLLANT: sits out 
*** HOLE CARDS ***
0nix770: folds 
nocando012: calls $0.10
Vlao: folds 
skems123: raises $0.40 to $0.50
RohanV: folds 
nocando012: folds 
Uncalled bet ($0.40) returned to skems123
skems123 collected $0.30 from pot
skems123: doesn't show hand 
*** SUMMARY ***
Total pot $0.30 | Rake $0 
Seat 1: skems123 (small blind) collected ($0.30)
Seat 2: RohanV (big blind) folded before Flop
Seat 4: 0nix770 folded before Flop (didn't bet)
Seat 5: nocando012 folded before Flop
Seat 6: Vlao (button) folded before Flop (didn't bet)



PokerStars Hand #222943510825:  Hold'em No Limit ($0.05/$0.10 USD) - 2021/01/23 23:00:48 ET
Table 'Rosamunde III' 6-max Seat #1 is the button
Seat 1: skems123 ($14.82 in chips) 
Seat 2: RohanV ($18.74 in chips) 
Seat 3: SVOLLANT ($10 in chips) 
Seat 4: 0nix770 ($10.75 in chips) 
Seat 5: nocando012 ($9.14 in chips) 
Seat 6: Vlao ($12.10 in chips) 
RohanV: posts small blind $0.05
SVOLLANT: posts big blind $0.10
*** HOLE CARDS ***
0nix770: folds 
nocando012: raises $0.25 to $0.35
Vlao: folds 
skems123: folds 
RohanV: folds 
SVOLLANT: calls $0.25
*** FLOP *** [As 5s 3c]
SVOLLANT: checks 
nocando012: checks 
*** TURN *** [As 5s 3c] [Jd]
SVOLLANT: checks 
nocando012: bets $0.72
SVOLLANT: calls $0.72
*** RIVER *** [As 5s 3c Jd] [Ks]
SVOLLANT: checks 
nocando012: checks 
*** SHOW DOWN ***
SVOLLANT: shows [6c 7c] (high card Ace)
nocando012: shows [Js Jh] (three of a kind, Jacks)
nocando012 collected $2.09 from pot
*** SUMMARY ***
Total pot $2.19 | Rake $0.10 
Board [As 5s 3c Jd Ks]
Seat 1: skems123 (button) folded before Flop (didn't bet)
Seat 2: RohanV (small blind) folded before Flop
Seat 3: SVOLLANT (big blind) showed [6c 7c] and lost with high card Ace
Seat 4: 0nix770 folded before Flop (didn't bet)
Seat 5: nocando012 showed [Js Jh] and won ($2.09) with three of a kind, Jacks
Seat 6: Vlao folded before Flop (didn't bet)



PokerStars Hand #222943583889:  Hold'em No Limit ($0.05/$0.10 USD) - 2021/01/23 23:04:35 ET
Table 'Rosamunde III' 6-max Seat #5 is the button
Seat 1: skems123 ($16.01 in chips) 
Seat 2: RohanV ($18.69 in chips) 
Seat 3: SVOLLANT ($4.84 in chips) 
Seat 4: 0nix770 ($13.33 in chips) 
Seat 5: nocando012 ($10.01 in chips) 
skems123: posts small blind $0.05
RohanV: posts big blind $0.10
*** HOLE CARDS ***
SVOLLANT: calls $0.10
0nix770: raises $0.30 to $0.40
nocando012: calls $0.40
skems123: folds 
RohanV: folds 
SVOLLANT: calls $0.30
*** FLOP *** [3d 3c 4c]
SVOLLANT: bets $0.10
0nix770: raises $0.77 to $0.87
nocando012: folds 
SVOLLANT: raises $3.57 to $4.44 and is all-in
0nix770: calls $3.57
*** TURN *** [3d 3c 4c] [8h]
*** RIVER *** [3d 3c 4c 8h] [6h]
*** SHOW DOWN ***
SVOLLANT: shows [5s 2s] (a straight, Deuce to Six)
0nix770: shows [Tc Td] (two pair, Tens and Threes)
SVOLLANT cashed out the hand for $2.75 | Cash Out Fee $0.03
*** SUMMARY ***
Total pot $10.23 | Rake $0.46 
Board [3d 3c 4c 8h 6h]
Seat 1: skems123 (small blind) folded before Flop
Seat 2: RohanV (big blind) folded before Flop
Seat 3: SVOLLANT showed [5s 2s] and won ($9.77) with a straight, Deuce to Six (pot not awarded as player cashed out)
Seat 4: 0nix770 showed [Tc Td] and lost with two pair, Tens and Threes
Seat 5: nocando012 (button) folded on the Flop



PokerStars Hand #222943603332:  Hold'em No Limit ($0.05/$0.10 USD) - 2021/01/23 23:05:26 ET
Table 'Rosamunde III' 6-max Seat #1 is the button
Seat 1: skems123 ($15.96 in chips) 
Seat 2: RohanV ($18.59 in chips) 
Seat 3: SVOLLANT ($2.75 in chips) 
Seat 4: 0nix770 ($10 in chips) 
Seat 5: nocando012 ($9.61 in chips) 
RohanV: posts small blind $0.05
SVOLLANT: posts big blind $0.10
*** HOLE CARDS ***
0nix770: folds 
nocando012: folds 
skems123: raises $0.15 to $0.25
RohanV: calls $0.20
SVOLLANT: calls $0.15
*** FLOP *** [4c 5c Js]
RohanV: checks 
SVOLLANT: bets $0.10
skems123: calls $0.10
RohanV: calls $0.10
*** TURN *** [4c 5c Js] [Ah]
RohanV: checks 
SVOLLANT: bets $2.40 and is all-in
skems123: folds 
RohanV: folds 
Uncalled bet ($2.40) returned to SVOLLANT
SVOLLANT collected $1 from pot
SVOLLANT: doesn't show hand 
*** SUMMARY ***
Total pot $1.05 | Rake $0.05 
Board [4c 5c Js Ah]
Seat 1: skems123 (button) folded on the Turn
Seat 2: RohanV (small blind) folded on the Turn
Seat 3: SVOLLANT (big blind) collected ($1)
Seat 4: 0nix770 folded before Flop (didn't bet)
Seat 5: nocando012 folded before Flop (didn't bet)



PokerStars Hand #222943617722:  Hold'em No Limit ($0.05/$0.10 USD) - 2021/01/23 23:06:11 ET
Table 'Rosamunde III' 6-max Seat #2 is the button
Seat 1: skems123 ($15.61 in chips) 
Seat 2: RohanV ($18.24 in chips) 
Seat 3: SVOLLANT ($3.40 in chips) 
Seat 4: 0nix770 ($10 in chips) 
Seat 5: nocando012 ($9.61 in chips) 
SVOLLANT: posts small blind $0.05
0nix770: posts big blind $0.10
*** HOLE CARDS ***
nocando012: folds 
skems123: folds 
RohanV: raises $0.20 to $0.30
SVOLLANT: raises $3.10 to $3.40 and is all-in
0nix770: folds 
RohanV: calls $3.10
*** FLOP *** [5d 2c As]
*** TURN *** [5d 2c As] [3s]
*** RIVER *** [5d 2c As 3s] [9h]
*** SHOW DOWN ***
SVOLLANT: shows [Qc Tc] (high card Ace)
RohanV: shows [Kh Ah] (a pair of Aces)
RohanV collected $6.59 from pot
SVOLLANT cashed out the hand for $2.46 | Cash Out Fee $0.02
*** SUMMARY ***
Total pot $6.90 | Rake $0.31 
Board [5d 2c As 3s 9h]
Seat 1: skems123 folded before Flop (didn't bet)
Seat 2: RohanV (button) showed [Kh Ah] and won ($6.59) with a pair of Aces
Seat 3: SVOLLANT (small blind) showed [Qc Tc] and lost with high card Ace (cashed out).
Seat 4: 0nix770 (big blind) folded before Flop
Seat 5: nocando012 folded before Flop (didn't bet)



PokerStars Hand #222943628255:  Hold'em No Limit ($0.05/$0.10 USD) - 2021/01/23 23:06:43 ET
Table 'Rosamunde III' 6-max Seat #3 is the button
Seat 2: RohanV ($21.43 in chips) 
Seat 3: SVOLLANT ($2.46 in chips) 
Seat 4: 0nix770 ($10 in chips) 
Seat 5: nocando012 ($9.61 in chips) 
0nix770: posts small blind $0.05
nocando012: posts big blind $0.10
*** HOLE CARDS ***
RohanV: folds 
SVOLLANT: calls $0.10
0nix770: calls $0.05
nocando012: checks 
*** FLOP *** [2c As 6c]
0nix770: bets $0.18
nocando012: calls $0.18
SVOLLANT: folds 
*** TURN *** [2c As 6c] [4h]
0nix770: checks 
nocando012: bets $0.31
0nix770: calls $0.31
*** RIVER *** [2c As 6c 4h] [Jd]
0nix770: checks 
nocando012: checks 
*** SHOW DOWN ***
0nix770: shows [6h 7d] (a pair of Sixes)
nocando012: shows [Tc Ad] (a pair of Aces)
nocando012 collected $1.22 from pot
*** SUMMARY ***
Total pot $1.28 | Rake $0.06 
Board [2c As 6c 4h Jd]
Seat 2: RohanV folded before Flop (didn't bet)
Seat 3: SVOLLANT (button) folded on the Flop
Seat 4: 0nix770 (small blind) showed [6h 7d] and lost with a pair of Sixes
Seat 5: nocando012 (big blind) showed [Tc Ad] and won ($1.22) with a pair of Aces



PokerStars Hand #222943642497:  Hold'em No Limit ($0.05/$0.10 USD) - 2021/01/23 23:07:27 ET
Table 'Rosamunde III' 6-max Seat #4 is the button
Seat 2: RohanV ($21.43 in chips) 
Seat 3: SVOLLANT ($2.36 in chips) 
Seat 4: 0nix770 ($10 in chips) 
Seat 5: nocando012 ($10.24 in chips) 
nocando012: posts small blind $0.05
RohanV: posts big blind $0.10
*** HOLE CARDS ***
SVOLLANT: calls $0.10
0nix770: folds 
nocando012: calls $0.05
RohanV: checks 
*** FLOP *** [4c Ks 7d]
nocando012: checks 
RohanV: checks 
SVOLLANT: checks 
*** TURN *** [4c Ks 7d] [Qc]
nocando012: checks 
RohanV: checks 
SVOLLANT: bets $0.90
nocando012: folds 
RohanV: folds 
Uncalled bet ($0.90) returned to SVOLLANT
SVOLLANT collected $0.29 from pot
SVOLLANT: doesn't show hand 
*** SUMMARY ***
Total pot $0.30 | Rake $0.01 
Board [4c Ks 7d Qc]
Seat 2: RohanV (big blind) folded on the Turn
Seat 3: SVOLLANT collected ($0.29)
Seat 4: 0nix770 (button) folded before Flop (didn't bet)
Seat 5: nocando012 (small blind) folded on the Turn



PokerStars Hand #222943651392:  Hold'em No Limit ($0.05/$0.10 USD) - 2021/01/23 23:07:55 ET
Table 'Rosamunde III' 6-max Seat #5 is the button
Seat 2: RohanV ($21.33 in chips) 
Seat 3: SVOLLANT ($2.55 in chips) 
Seat 4: 0nix770 ($10 in chips) 
Seat 5: nocando012 ($10.14 in chips) 
RohanV: posts small blind $0.05
SVOLLANT: posts big blind $0.10
*** HOLE CARDS ***
0nix770: folds 
nocando012: folds 
RohanV: folds 
Uncalled bet ($0.05) returned to SVOLLANT
SVOLLANT collected $0.10 from pot
SVOLLANT: doesn't show hand 
*** SUMMARY ***
Total pot $0.10 | Rake $0 
Seat 2: RohanV (small blind) folded before Flop
Seat 3: SVOLLANT (big blind) collected ($0.10)
Seat 4: 0nix770 folded before Flop (didn't bet)
Seat 5: nocando012 (button) folded before Flop (didn't bet)



PokerStars Hand #222943653388:  Hold'em No Limit ($0.05/$0.10 USD) - 2021/01/23 23:08:01 ET
Table 'Rosamunde III' 6-max Seat #2 is the button
Seat 2: RohanV ($21.28 in chips) 
Seat 3: SVOLLANT ($2.60 in chips) 
Seat 4: 0nix770 ($10 in chips) 
Seat 5: nocando012 ($10.14 in chips) 
SVOLLANT: posts small blind $0.05
0nix770: posts big blind $0.10
*** HOLE CARDS ***
nocando012: folds 
RohanV: folds 
SVOLLANT: raises $2.50 to $2.60 and is all-in
0nix770: folds 
Uncalled bet ($2.50) returned to SVOLLANT
SVOLLANT collected $0.20 from pot
SVOLLANT: doesn't show hand 
*** SUMMARY ***
Total pot $0.20 | Rake $0 
Seat 2: RohanV (button) folded before Flop (didn't bet)
Seat 3: SVOLLANT (small blind) collected ($0.20)
Seat 4: 0nix770 (big blind) folded before Flop
Seat 5: nocando012 folded before Flop (didn't bet)



PokerStars Hand #222943657165:  Hold'em No Limit ($0.05/$0.10 USD) - 2021/01/23 23:08:12 ET
Table 'Rosamunde III' 6-max Seat #3 is the button
Seat 2: RohanV ($21.28 in chips) 
Seat 3: SVOLLANT ($2.70 in chips) 
Seat 4: 0nix770 ($10 in chips) 
Seat 5: nocando012 ($10.14 in chips) 
0nix770: posts small blind $0.05
nocando012: posts big blind $0.10
*** HOLE CARDS ***
RohanV: folds 
SVOLLANT: raises $2.60 to $2.70 and is all-in
0nix770: folds 
nocando012: folds 
Uncalled bet ($2.60) returned to SVOLLANT
SVOLLANT collected $0.25 from pot
SVOLLANT: doesn't show hand 
*** SUMMARY ***
Total pot $0.25 | Rake $0 
Seat 2: RohanV folded before Flop (didn't bet)
Seat 3: SVOLLANT (button) collected ($0.25)
Seat 4: 0nix770 (small blind) folded before Flop
Seat 5: nocando012 (big blind) folded before Flop



PokerStars Hand #222943663065:  Hold'em No Limit ($0.05/$0.10 USD) - 2021/01/23 23:08:31 ET
Table 'Rosamunde III' 6-max Seat #4 is the button
Seat 1: skems123 ($15.61 in chips) 
Seat 2: RohanV ($21.28 in chips) 
Seat 3: SVOLLANT ($2.85 in chips) 
Seat 4: 0nix770 ($10 in chips) 
Seat 5: nocando012 ($10.04 in chips) 
nocando012: posts small blind $0.05
skems123: posts big blind $0.10
*** HOLE CARDS ***
RohanV: raises $0.10 to $0.20
SVOLLANT: raises $2.65 to $2.85 and is all-in
0nix770: folds 
nocando012: folds 
skems123: folds 
RohanV: folds 
Uncalled bet ($2.65) returned to SVOLLANT
SVOLLANT collected $0.55 from pot
SVOLLANT: doesn't show hand 
*** SUMMARY ***
Total pot $0.55 | Rake $0 
Seat 1: skems123 (big blind) folded before Flop
Seat 2: RohanV folded before Flop
Seat 3: SVOLLANT collected ($0.55)
Seat 4: 0nix770 (button) folded before Flop (didn't bet)
Seat 5: nocando012 (small blind) folded before Flop



PokerStars Hand #222943669622:  Hold'em No Limit ($0.05/$0.10 USD) - 2021/01/23 23:08:51 ET
Table 'Rosamunde III' 6-max Seat #5 is the button
Seat 1: skems123 ($15.51 in chips) 
Seat 2: RohanV ($21.08 in chips) 
Seat 3: SVOLLANT ($3.20 in chips) 
Seat 4: 0nix770 ($10 in chips) 
Seat 5: nocando012 ($9.99 in chips) 
skems123: posts small blind $0.05
RohanV: posts big blind $0.10
*** HOLE CARDS ***
SVOLLANT: raises $3.10 to $3.20 and is all-in
0nix770: folds 
nocando012: folds 
skems123: folds 
RohanV: folds 
Uncalled bet ($3.10) returned to SVOLLANT
SVOLLANT collected $0.25 from pot
SVOLLANT: doesn't show hand 
*** SUMMARY ***
Total pot $0.25 | Rake $0 
Seat 1: skems123 (small blind) folded before Flop
Seat 2: RohanV (big blind) folded before Flop
Seat 3: SVOLLANT collected ($0.25)
Seat 4: 0nix770 folded before Flop (didn't bet)
Seat 5: nocando012 (button) folded before Flop (didn't bet)



PokerStars Hand #222943675670:  Hold'em No Limit ($0.05/$0.10 USD) - 2021/01/23 23:09:10 ET
Table 'Rosamunde III' 6-max Seat #1 is the button
Seat 1: skems123 ($15.46 in chips) 
Seat 2: RohanV ($20.98 in chips) 
Seat 3: SVOLLANT ($3.35 in chips) 
Seat 4: 0nix770 ($10 in chips) 
Seat 5: nocando012 ($9.99 in chips) 
RohanV: posts small blind $0.05
SVOLLANT: posts big blind $0.10
*** HOLE CARDS ***
0nix770: folds 
nocando012: folds 
skems123: folds 
RohanV: calls $0.05
SVOLLANT: raises $3.25 to $3.35 and is all-in
RohanV: calls $3.25
*** FLOP *** [Ts 9h Kh]
*** TURN *** [Ts 9h Kh] [Qd]
*** RIVER *** [Ts 9h Kh Qd] [7s]
*** SHOW DOWN ***
RohanV: shows [8d Ks] (a pair of Kings)
SVOLLANT: shows [Jd Td] (a straight, Nine to King)
SVOLLANT collected $6.40 from pot
*** SUMMARY ***
Total pot $6.70 | Rake $0.30 
Board [Ts 9h Kh Qd 7s]
Seat 1: skems123 (button) folded before Flop (didn't bet)
Seat 2: RohanV (small blind) showed [8d Ks] and lost with a pair of Kings
Seat 3: SVOLLANT (big blind) showed [Jd Td] and won ($6.40) with a straight, Nine to King
Seat 4: 0nix770 folded before Flop (didn't bet)
Seat 5: nocando012 folded before Flop (didn't bet)



PokerStars Hand #222943684603:  Hold'em No Limit ($0.05/$0.10 USD) - 2021/01/23 23:09:38 ET
Table 'Rosamunde III' 6-max Seat #2 is the button
Seat 1: skems123 ($15.46 in chips) 
Seat 2: RohanV ($17.63 in chips) 
Seat 3: SVOLLANT ($6.40 in chips) 
Seat 4: 0nix770 ($10 in chips) 
Seat 5: nocando012 ($9.99 in chips) 
SVOLLANT: posts small blind $0.05
0nix770: posts big blind $0.10
*** HOLE CARDS ***
nocando012: folds 
skems123: folds 
RohanV: folds 
SVOLLANT: calls $0.05
0nix770: checks 
*** FLOP *** [4c 3d Kh]
SVOLLANT: checks 
0nix770: checks 
*** TURN *** [4c 3d Kh] [6c]
SVOLLANT: checks 
0nix770: checks 
*** RIVER *** [4c 3d Kh 6c] [5h]
SVOLLANT: bets $6.30 and is all-in
0nix770: folds 
Uncalled bet ($6.30) returned to SVOLLANT
SVOLLANT collected $0.19 from pot
SVOLLANT: doesn't show hand 
*** SUMMARY ***
Total pot $0.20 | Rake $0.01 
Board [4c 3d Kh 6c 5h]
Seat 1: skems123 folded before Flop (didn't bet)
Seat 2: RohanV (button) folded before Flop (didn't bet)
Seat 3: SVOLLANT (small blind) collected ($0.19)
Seat 4: 0nix770 (big blind) folded on the River
Seat 5: nocando012 folded before Flop (didn't bet)



PokerStars Hand #222943693774:  Hold'em No Limit ($0.05/$0.10 USD) - 2021/01/23 23:10:06 ET
Table 'Rosamunde III' 6-max Seat #3 is the button
Seat 1: skems123 ($15.46 in chips) 
Seat 2: RohanV ($17.63 in chips) 
Seat 3: SVOLLANT ($6.49 in chips) 
Seat 4: 0nix770 ($10 in chips) 
Seat 5: nocando012 ($9.99 in chips) 
0nix770: posts small blind $0.05
nocando012: posts big blind $0.10
*** HOLE CARDS ***
skems123: folds 
RohanV: raises $0.10 to $0.20
SVOLLANT: raises $6.29 to $6.49 and is all-in
0nix770: folds 
nocando012: folds 
RohanV: calls $6.29
*** FLOP *** [Ac As 8c]
*** TURN *** [Ac As 8c] [Ts]
*** RIVER *** [Ac As 8c Ts] [Td]
*** SHOW DOWN ***
RohanV: shows [Qd 9d] (two pair, Aces and Tens)
SVOLLANT: shows [6s 4s] (two pair, Aces and Tens - lower kicker)
RohanV collected $12.54 from pot
*** SUMMARY ***
Total pot $13.13 | Rake $0.59 
Board [Ac As 8c Ts Td]
Seat 1: skems123 folded before Flop (didn't bet)
Seat 2: RohanV showed [Qd 9d] and won ($12.54) with two pair, Aces and Tens
Seat 3: SVOLLANT (button) showed [6s 4s] and lost with two pair, Aces and Tens
Seat 4: 0nix770 (small blind) folded before Flop
Seat 5: nocando012 (big blind) folded before Flop



PokerStars Hand #222943702450:  Hold'em No Limit ($0.05/$0.10 USD) - 2021/01/23 23:10:30 ET
Table 'Rosamunde III' 6-max Seat #4 is the button
Seat 1: skems123 ($15.46 in chips) 
Seat 2: RohanV ($23.68 in chips) 
Seat 4: 0nix770 ($10 in chips) 
Seat 5: nocando012 ($9.89 in chips) 
Seat 6: Vlao ($12.10 in chips) 
nocando012: posts small blind $0.05
Vlao: posts big blind $0.10
*** HOLE CARDS ***
skems123: folds 
RohanV: folds 
0nix770: folds 
nocando012: folds 
Uncalled bet ($0.05) returned to Vlao
Vlao collected $0.10 from pot
*** SUMMARY ***
Total pot $0.10 | Rake $0 
Seat 1: skems123 folded before Flop (didn't bet)
Seat 2: RohanV folded before Flop (didn't bet)
Seat 4: 0nix770 (button) folded before Flop (didn't bet)
Seat 5: nocando012 (small blind) folded before Flop
Seat 6: Vlao (big blind) collected ($0.10)



PokerStars Hand #222943706833:  Hold'em No Limit ($0.05/$0.10 USD) - 2021/01/23 23:10:44 ET
Table 'Rosamunde III' 6-max Seat #5 is the button
Seat 1: skems123 ($15.46 in chips) 
Seat 2: RohanV ($23.68 in chips) 
Seat 3: SVOLLANT ($5.23 in chips) 
Seat 4: 0nix770 ($10 in chips) 
Seat 5: nocando012 ($9.84 in chips) 
Seat 6: Vlao ($12.15 in chips) 
Vlao: posts small blind $0.05
skems123: posts big blind $0.10
*** HOLE CARDS ***
RohanV: folds 
SVOLLANT: raises $4.90 to $5
0nix770: folds 
nocando012: folds 
Vlao: folds 
skems123: raises $10.46 to $15.46 and is all-in
SVOLLANT: calls $0.23 and is all-in
Uncalled bet ($10.23) returned to skems123
*** FLOP *** [2h 6d Ks]
*** TURN *** [2h 6d Ks] [3c]
*** RIVER *** [2h 6d Ks 3c] [8c]
*** SHOW DOWN ***
skems123: shows [Ah 9h] (high card Ace)
SVOLLANT: shows [6c Kd] (two pair, Kings and Sixes)
SVOLLANT collected $10.04 from pot
*** SUMMARY ***
Total pot $10.51 | Rake $0.47 
Board [2h 6d Ks 3c 8c]
Seat 1: skems123 (big blind) showed [Ah 9h] and lost with high card Ace
Seat 2: RohanV folded before Flop (didn't bet)
Seat 3: SVOLLANT showed [6c Kd] and won ($10.04) with two pair, Kings and Sixes
Seat 4: 0nix770 folded before Flop (didn't bet)
Seat 5: nocando012 (button) folded before Flop (didn't bet)
Seat 6: Vlao (small blind) folded before Flop



PokerStars Hand #222943721740:  Hold'em No Limit ($0.05/$0.10 USD) - 2021/01/23 23:11:30 ET
Table 'Rosamunde III' 6-max Seat #6 is the button
Seat 1: skems123 ($10.23 in chips) 
Seat 2: RohanV ($23.68 in chips) 
Seat 3: SVOLLANT ($10.04 in chips) 
Seat 4: 0nix770 ($10 in chips) 
Seat 5: nocando012 ($9.84 in chips) 
Seat 6: Vlao ($12.10 in chips) 
skems123: posts small blind $0.05
RohanV: posts big blind $0.10
*** HOLE CARDS ***
SVOLLANT: calls $0.10
0nix770: folds 
nocando012: folds 
Vlao: folds 
skems123: folds 
RohanV: raises $0.20 to $0.30
SVOLLANT: calls $0.20
*** FLOP *** [Kd Tc Th]
RohanV: bets $0.31
SVOLLANT: calls $0.31
*** TURN *** [Kd Tc Th] [8s]
RohanV: checks 
SVOLLANT: checks 
*** RIVER *** [Kd Tc Th 8s] [Qd]
RohanV: checks 
SVOLLANT: checks 
*** SHOW DOWN ***
RohanV: shows [3h 6h] (a pair of Tens)
SVOLLANT: shows [5h 6d] (a pair of Tens)
RohanV collected $0.61 from pot
SVOLLANT collected $0.60 from pot
*** SUMMARY ***
Total pot $1.27 | Rake $0.06 
Board [Kd Tc Th 8s Qd]
Seat 1: skems123 (small blind) folded before Flop
Seat 2: RohanV (big blind) showed [3h 6h] and won ($0.61) with a pair of Tens
Seat 3: SVOLLANT showed [5h 6d] and won ($0.60) with a pair of Tens
Seat 4: 0nix770 folded before Flop (didn't bet)
Seat 5: nocando012 folded before Flop (didn't bet)
Seat 6: Vlao (button) folded before Flop (didn't bet)



PokerStars Hand #222943734660:  Hold'em No Limit ($0.05/$0.10 USD) - 2021/01/23 23:11:59 ET
Table 'Rosamunde III' 6-max Seat #1 is the button
Seat 1: skems123 ($10.18 in chips) 
Seat 2: RohanV ($23.68 in chips) 
Seat 3: SVOLLANT ($10.03 in chips) 
Seat 4: 0nix770 ($10 in chips) 
Seat 5: nocando012 ($9.84 in chips) 
Seat 6: Vlao ($12.10 in chips) 
RohanV: posts small blind $0.05
SVOLLANT: posts big blind $0.10
*** HOLE CARDS ***
0nix770: folds 
nocando012: folds 
Vlao: raises $0.15 to $0.25
skems123: folds 
RohanV: calls $0.20
SVOLLANT: calls $0.15
*** FLOP *** [6c 9h 4d]
RohanV: checks 
SVOLLANT: checks 
Vlao: checks 
*** TURN *** [6c 9h 4d] [Kc]
RohanV: checks 
SVOLLANT: checks 
Vlao: bets $0.48
RohanV: calls $0.48
SVOLLANT: folds 
*** RIVER *** [6c 9h 4d Kc] [2s]
RohanV: checks 
Vlao: bets $1.09
RohanV: folds 
Uncalled bet ($1.09) returned to Vlao
Vlao collected $1.63 from pot
*** SUMMARY ***
Total pot $1.71 | Rake $0.08 
Board [6c 9h 4d Kc 2s]
Seat 1: skems123 (button) folded before Flop (didn't bet)
Seat 2: RohanV (small blind) folded on the River
Seat 3: SVOLLANT (big blind) folded on the Turn
Seat 4: 0nix770 folded before Flop (didn't bet)
Seat 5: nocando012 folded before Flop (didn't bet)
Seat 6: Vlao collected ($1.63)



PokerStars Hand #222943750610:  Hold'em No Limit ($0.05/$0.10 USD) - 2021/01/23 23:12:49 ET
Table 'Rosamunde III' 6-max Seat #2 is the button
Seat 1: skems123 ($10.18 in chips) 
Seat 2: RohanV ($22.95 in chips) 
Seat 3: SVOLLANT ($9.78 in chips) 
Seat 4: 0nix770 ($10 in chips) 
Seat 5: nocando012 ($9.84 in chips) 
Seat 6: Vlao ($13 in chips) 
SVOLLANT: posts small blind $0.05
0nix770: posts big blind $0.10
*** HOLE CARDS ***
nocando012: folds 
Vlao: folds 
skems123: raises $0.15 to $0.25
RohanV: folds 
SVOLLANT: calls $0.20
0nix770: calls $0.15
*** FLOP *** [9h 7s 8s]
SVOLLANT: checks 
0nix770: checks 
skems123: checks 
*** TURN *** [9h 7s 8s] [3h]
SVOLLANT: checks 
0nix770: bets $0.42
skems123: folds 
SVOLLANT: calls $0.42
*** RIVER *** [9h 7s 8s 3h] [Ah]
SVOLLANT: checks 
0nix770: bets $1.21
SVOLLANT: folds 
Uncalled bet ($1.21) returned to 0nix770
0nix770 collected $1.52 from pot
0nix770: doesn't show hand 
*** SUMMARY ***
Total pot $1.59 | Rake $0.07 
Board [9h 7s 8s 3h Ah]
Seat 1: skems123 folded on the Turn
Seat 2: RohanV (button) folded before Flop (didn't bet)
Seat 3: SVOLLANT (small blind) folded on the River
Seat 4: 0nix770 (big blind) collected ($1.52)
Seat 5: nocando012 folded before Flop (didn't bet)
Seat 6: Vlao folded before Flop (didn't bet)



PokerStars Hand #222943771271:  Hold'em No Limit ($0.05/$0.10 USD) - 2021/01/23 23:13:53 ET
Table 'Rosamunde III' 6-max Seat #3 is the button
Seat 1: skems123 ($10 in chips) 
Seat 2: RohanV ($22.95 in chips) 
Seat 3: SVOLLANT ($9.11 in chips) 
Seat 4: 0nix770 ($10.85 in chips) 
Seat 5: nocando012 ($9.84 in chips) 
Seat 6: Vlao ($13 in chips) 
0nix770: posts small blind $0.05
nocando012: posts big blind $0.10
*** HOLE CARDS ***
Vlao: folds 
skems123: folds 
RohanV: raises $0.20 to $0.30
SVOLLANT: calls $0.30
0nix770: raises $1 to $1.30
nocando012: folds 
RohanV: calls $1
SVOLLANT: calls $1
*** FLOP *** [Td 7h 3d]
0nix770: checks 
RohanV: checks 
SVOLLANT: checks 
*** TURN *** [Td 7h 3d] [5c]
0nix770: checks 
RohanV: bets $1.71
SVOLLANT: raises $6.10 to $7.81 and is all-in
0nix770: folds 
RohanV: calls $6.10
*** RIVER *** [Td 7h 3d 5c] [4d]
*** SHOW DOWN ***
RohanV: shows [Ts Tc] (three of a kind, Tens)
SVOLLANT: shows [Th 6c] (a straight, Three to Seven)
SVOLLANT collected $18.74 from pot
*** SUMMARY ***
Total pot $19.62 | Rake $0.88 
Board [Td 7h 3d 5c 4d]
Seat 1: skems123 folded before Flop (didn't bet)
Seat 2: RohanV showed [Ts Tc] and lost with three of a kind, Tens
Seat 3: SVOLLANT (button) showed [Th 6c] and won ($18.74) with a straight, Three to Seven
Seat 4: 0nix770 (small blind) folded on the Turn
Seat 5: nocando012 (big blind) folded before Flop
Seat 6: Vlao folded before Flop (didn't bet)



PokerStars Hand #222943800813:  Hold'em No Limit ($0.05/$0.10 USD) - 2021/01/23 23:15:25 ET
Table 'Rosamunde III' 6-max Seat #4 is the button
Seat 1: skems123 ($10 in chips) 
Seat 2: RohanV ($13.84 in chips) 
Seat 3: SVOLLANT ($18.74 in chips) 
Seat 4: 0nix770 ($10 in chips) 
Seat 5: nocando012 ($9.74 in chips) 
Seat 6: Vlao ($13 in chips) 
nocando012: posts small blind $0.05
Vlao: posts big blind $0.10
*** HOLE CARDS ***
skems123: raises $0.15 to $0.25
RohanV: calls $0.25
SVOLLANT: calls $0.25
0nix770: folds 
nocando012: folds 
Vlao: calls $0.15
*** FLOP *** [Ts Th 5c]
Vlao: checks 
skems123: checks 
RohanV: bets $0.30
SVOLLANT: calls $0.30
Vlao: folds 
skems123: folds 
*** TURN *** [Ts Th 5c] [Td]
RohanV: checks 
SVOLLANT: checks 
*** RIVER *** [Ts Th 5c Td] [4s]
RohanV: bets $13.29 and is all-in
SVOLLANT: calls $13.29
*** SHOW DOWN ***
RohanV: shows [Tc Ad] (four of a kind, Tens)
SVOLLANT: shows [3d 5h] (a full house, Tens full of Fives)
RohanV collected $26.96 from pot
*** SUMMARY ***
Total pot $28.23 | Rake $1.27 
Board [Ts Th 5c Td 4s]
Seat 1: skems123 folded on the Flop
Seat 2: RohanV showed [Tc Ad] and won ($26.96) with four of a kind, Tens
Seat 3: SVOLLANT showed [3d 5h] and lost with a full house, Tens full of Fives
Seat 4: 0nix770 (button) folded before Flop (didn't bet)
Seat 5: nocando012 (small blind) folded before Flop
Seat 6: Vlao (big blind) folded on the Flop



PokerStars Hand #222943818742:  Hold'em No Limit ($0.05/$0.10 USD) - 2021/01/23 23:16:21 ET
Table 'Rosamunde III' 6-max Seat #5 is the button
Seat 1: skems123 ($10 in chips) 
Seat 2: RohanV ($26.96 in chips) 
Seat 3: SVOLLANT ($4.90 in chips) 
Seat 4: 0nix770 ($10 in chips) 
Seat 5: nocando012 ($9.69 in chips) 
Seat 6: Vlao ($12.75 in chips) 
Vlao: posts small blind $0.05
skems123: posts big blind $0.10
*** HOLE CARDS ***
RohanV: folds 
SVOLLANT has timed out
SVOLLANT: folds 
0nix770: folds 
nocando012: folds 
Vlao: folds 
Uncalled bet ($0.05) returned to skems123
skems123 collected $0.10 from pot
skems123: doesn't show hand 
*** SUMMARY ***
Total pot $0.10 | Rake $0 
Seat 1: skems123 (big blind) collected ($0.10)
Seat 2: RohanV folded before Flop (didn't bet)
Seat 3: SVOLLANT folded before Flop (didn't bet)
Seat 4: 0nix770 folded before Flop (didn't bet)
Seat 5: nocando012 (button) folded before Flop (didn't bet)
Seat 6: Vlao (small blind) folded before Flop



PokerStars Hand #222943825506:  Hold'em No Limit ($0.05/$0.10 USD) - 2021/01/23 23:16:42 ET
Table 'Rosamunde III' 6-max Seat #6 is the button
Seat 1: skems123 ($10.05 in chips) 
Seat 2: RohanV ($26.96 in chips) 
Seat 4: 0nix770 ($10 in chips) 
Seat 5: nocando012 ($9.69 in chips) 
Seat 6: Vlao ($12.70 in chips) 
skems123: posts small blind $0.05
RohanV: posts big blind $0.10
*** HOLE CARDS ***
0nix770: folds 
nocando012: raises $0.20 to $0.30
Vlao: folds 
skems123: folds 
RohanV: calls $0.20
*** FLOP *** [7h 5d 5c]
RohanV: checks 
nocando012: bets $0.31
RohanV: calls $0.31
*** TURN *** [7h 5d 5c] [Qd]
RohanV: checks 
nocando012: checks 
*** RIVER *** [7h 5d 5c Qd] [As]
RohanV: checks 
nocando012: bets $0.60
RohanV: folds 
Uncalled bet ($0.60) returned to nocando012
nocando012 collected $1.21 from pot
nocando012: doesn't show hand 
*** SUMMARY ***
Total pot $1.27 | Rake $0.06 
Board [7h 5d 5c Qd As]
Seat 1: skems123 (small blind) folded before Flop
Seat 2: RohanV (big blind) folded on the River
Seat 4: 0nix770 folded before Flop (didn't bet)
Seat 5: nocando012 collected ($1.21)
Seat 6: Vlao (button) folded before Flop (didn't bet)



PokerStars Hand #222943843866:  Hold'em No Limit ($0.05/$0.10 USD) - 2021/01/23 23:17:13 ET
Table 'Rosamunde III' 6-max Seat #1 is the button
Seat 1: skems123 ($10 in chips) 
Seat 2: RohanV ($26.35 in chips) 
Seat 4: 0nix770 ($10 in chips) 
Seat 5: nocando012 ($10.29 in chips) 
Seat 6: Vlao ($12.70 in chips) 
RohanV: posts small blind $0.05
0nix770: posts big blind $0.10
*** HOLE CARDS ***
nocando012: folds 
Vlao: folds 
skems123: folds 
RohanV: folds 
Uncalled bet ($0.05) returned to 0nix770
0nix770 collected $0.10 from pot
0nix770: doesn't show hand 
*** SUMMARY ***
Total pot $0.10 | Rake $0 
Seat 1: skems123 (button) folded before Flop (didn't bet)
Seat 2: RohanV (small blind) folded before Flop
Seat 4: 0nix770 (big blind) collected ($0.10)
Seat 5: nocando012 folded before Flop (didn't bet)
Seat 6: Vlao folded before Flop (didn't bet)



PokerStars Hand #222943846290:  Hold'em No Limit ($0.05/$0.10 USD) - 2021/01/23 23:17:20 ET
Table 'Rosamunde III' 6-max Seat #2 is the button
Seat 1: skems123 ($10 in chips) 
Seat 2: RohanV ($26.30 in chips) 
Seat 4: 0nix770 ($10.05 in chips) 
Seat 5: nocando012 ($10.29 in chips) 
Seat 6: Vlao ($12.70 in chips) 
0nix770: posts small blind $0.05
nocando012: posts big blind $0.10
*** HOLE CARDS ***
Vlao: folds 
skems123: folds 
RohanV: folds 
0nix770: folds 
Uncalled bet ($0.05) returned to nocando012
nocando012 collected $0.10 from pot
nocando012: doesn't show hand 
*** SUMMARY ***
Total pot $0.10 | Rake $0 
Seat 1: skems123 folded before Flop (didn't bet)
Seat 2: RohanV (button) folded before Flop (didn't bet)
Seat 4: 0nix770 (small blind) folded before Flop
Seat 5: nocando012 (big blind) collected ($0.10)
Seat 6: Vlao folded before Flop (didn't bet)



PokerStars Hand #222943848513:  Hold'em No Limit ($0.05/$0.10 USD) - 2021/01/23 23:17:27 ET
Table 'Rosamunde III' 6-max Seat #4 is the button
Seat 1: skems123 ($10 in chips) 
Seat 2: RohanV ($26.30 in chips) 
Seat 4: 0nix770 ($10 in chips) 
Seat 5: nocando012 ($10.34 in chips) 
Seat 6: Vlao ($12.70 in chips) 
nocando012: posts small blind $0.05
Vlao: posts big blind $0.10
*** HOLE CARDS ***
skems123: folds 
RohanV: folds 
0nix770: folds 
nocando012: folds 
Uncalled bet ($0.05) returned to Vlao
Vlao collected $0.10 from pot
*** SUMMARY ***
Total pot $0.10 | Rake $0 
Seat 1: skems123 folded before Flop (didn't bet)
Seat 2: RohanV folded before Flop (didn't bet)
Seat 4: 0nix770 (button) folded before Flop (didn't bet)
Seat 5: nocando012 (small blind) folded before Flop
Seat 6: Vlao (big blind) collected ($0.10)



PokerStars Hand #222943852225:  Hold'em No Limit ($0.05/$0.10 USD) - 2021/01/23 23:17:38 ET
Table 'Rosamunde III' 6-max Seat #5 is the button
Seat 1: skems123 ($10 in chips) 
Seat 2: RohanV ($26.30 in chips) 
Seat 4: 0nix770 ($10 in chips) 
Seat 5: nocando012 ($10.29 in chips) 
Seat 6: Vlao ($12.75 in chips) 
Vlao: posts small blind $0.05
skems123: posts big blind $0.10
SVOLLANT: sits out 
*** HOLE CARDS ***
RohanV: raises $0.10 to $0.20
0nix770: folds 
nocando012: folds 
Vlao: folds 
skems123: calls $0.10
*** FLOP *** [6d Jh Ad]
skems123: checks 
RohanV: bets $0.21
skems123: calls $0.21
*** TURN *** [6d Jh Ad] [2h]
SVOLLANT leaves the table
skems123: checks 
RohanV: bets $0.41
skems123: calls $0.41
*** RIVER *** [6d Jh Ad 2h] [Tc]
namemattbark joins the table at seat #3 
skems123: checks 
RohanV: checks 
*** SHOW DOWN ***
skems123: shows [Ah 5d] (a pair of Aces)
RohanV: mucks hand 
skems123 collected $1.61 from pot
*** SUMMARY ***
Total pot $1.69 | Rake $0.08 
Board [6d Jh Ad 2h Tc]
Seat 1: skems123 (big blind) showed [Ah 5d] and won ($1.61) with a pair of Aces
Seat 2: RohanV mucked
Seat 4: 0nix770 folded before Flop (didn't bet)
Seat 5: nocando012 (button) folded before Flop (didn't bet)
Seat 6: Vlao (small blind) folded before Flop



PokerStars Hand #222943875942:  Hold'em No Limit ($0.05/$0.10 USD) - 2021/01/23 23:18:30 ET
Table 'Rosamunde III' 6-max Seat #6 is the button
Seat 1: skems123 ($10.79 in chips) 
Seat 2: RohanV ($25.48 in chips) 
Seat 4: 0nix770 ($10 in chips) 
Seat 5: nocando012 ($10.29 in chips) 
Seat 6: Vlao ($12.70 in chips) 
skems123: posts small blind $0.05
RohanV: posts big blind $0.10
namemattbark: sits out 
*** HOLE CARDS ***
0nix770: folds 
nocando012: folds 
Vlao: raises $0.15 to $0.25
skems123: folds 
RohanV: calls $0.15
*** FLOP *** [5c Kh Th]
RohanV: checks 
Vlao: bets $0.36
RohanV: calls $0.36
*** TURN *** [5c Kh Th] [8c]
RohanV: checks 
Vlao: bets $0.96
RohanV: folds 
Uncalled bet ($0.96) returned to Vlao
Vlao collected $1.21 from pot
*** SUMMARY ***
Total pot $1.27 | Rake $0.06 
Board [5c Kh Th 8c]
Seat 1: skems123 (small blind) folded before Flop
Seat 2: RohanV (big blind) folded on the Turn
Seat 4: 0nix770 folded before Flop (didn't bet)
Seat 5: nocando012 folded before Flop (didn't bet)
Seat 6: Vlao (button) collected ($1.21)



PokerStars Hand #222943886452:  Hold'em No Limit ($0.05/$0.10 USD) - 2021/01/23 23:19:03 ET
Table 'Rosamunde III' 6-max Seat #1 is the button
Seat 1: skems123 ($10.74 in chips) 
Seat 2: RohanV ($24.87 in chips) 
Seat 3: namemattbark ($10 in chips) 
Seat 4: 0nix770 ($10 in chips) 
Seat 5: nocando012 ($10.29 in chips) 
Seat 6: Vlao ($13.30 in chips) 
RohanV: posts small blind $0.05
namemattbark: posts big blind $0.10
*** HOLE CARDS ***
0nix770: folds 
nocando012: folds 
Vlao: folds 
skems123: folds 
RohanV is disconnected 
RohanV has timed out while disconnected
RohanV: folds 
Uncalled bet ($0.05) returned to namemattbark
namemattbark collected $0.10 from pot
namemattbark: doesn't show hand 
*** SUMMARY ***
Total pot $0.10 | Rake $0 
Seat 1: skems123 (button) folded before Flop (didn't bet)
Seat 2: RohanV (small blind) folded before Flop
Seat 3: namemattbark (big blind) collected ($0.10)
Seat 4: 0nix770 folded before Flop (didn't bet)
Seat 5: nocando012 folded before Flop (didn't bet)
Seat 6: Vlao folded before Flop (didn't bet)



PokerStars Hand #222943891907:  Hold'em No Limit ($0.05/$0.10 USD) - 2021/01/23 23:19:20 ET
Table 'Rosamunde III' 6-max Seat #3 is the button
Seat 1: skems123 ($10.74 in chips) 
Seat 3: namemattbark ($10.05 in chips) 
Seat 4: 0nix770 ($10 in chips) 
Seat 5: nocando012 ($10.29 in chips) 
Seat 6: Vlao ($13.30 in chips) 
0nix770: posts small blind $0.05
nocando012: posts big blind $0.10
*** HOLE CARDS ***
Vlao: folds 
skems123: folds 
namemattbark: folds 
0nix770: raises $0.20 to $0.30
nocando012: folds 
Uncalled bet ($0.20) returned to 0nix770
0nix770 collected $0.20 from pot
0nix770: doesn't show hand 
*** SUMMARY ***
Total pot $0.20 | Rake $0 
Seat 1: skems123 folded before Flop (didn't bet)
Seat 3: namemattbark (button) folded before Flop (didn't bet)
Seat 4: 0nix770 (small blind) collected ($0.20)
Seat 5: nocando012 (big blind) folded before Flop
Seat 6: Vlao folded before Flop (didn't bet)



PokerStars Hand #222943894315:  Hold'em No Limit ($0.05/$0.10 USD) - 2021/01/23 23:19:28 ET
Table 'Rosamunde III' 6-max Seat #4 is the button
Seat 1: skems123 ($10.74 in chips) 
Seat 3: namemattbark ($10.05 in chips) 
Seat 4: 0nix770 ($10.10 in chips) 
Seat 5: nocando012 ($10.19 in chips) 
Seat 6: Vlao ($13.30 in chips) 
nocando012: posts small blind $0.05
Vlao: posts big blind $0.10
*** HOLE CARDS ***
skems123: folds 
namemattbark: raises $0.13 to $0.23
0nix770: raises $0.67 to $0.90
nocando012: folds 
Vlao: folds 
namemattbark: calls $0.67
*** FLOP *** [9d 4d 6d]
namemattbark: checks 
0nix770: checks 
*** TURN *** [9d 4d 6d] [3h]
namemattbark: bets $0.71
0nix770: folds 
Uncalled bet ($0.71) returned to namemattbark
namemattbark collected $1.86 from pot
namemattbark: doesn't show hand 
*** SUMMARY ***
Total pot $1.95 | Rake $0.09 
Board [9d 4d 6d 3h]
Seat 1: skems123 folded before Flop (didn't bet)
Seat 3: namemattbark collected ($1.86)
Seat 4: 0nix770 (button) folded on the Turn
Seat 5: nocando012 (small blind) folded before Flop
Seat 6: Vlao (big blind) folded before Flop



PokerStars Hand #222943910282:  Hold'em No Limit ($0.05/$0.10 USD) - 2021/01/23 23:20:18 ET
Table 'Rosamunde III' 6-max Seat #5 is the button
Seat 1: skems123 ($10.74 in chips) 
Seat 3: namemattbark ($11.01 in chips) 
Seat 4: 0nix770 ($10 in chips) 
Seat 5: nocando012 ($10.14 in chips) 
Seat 6: Vlao ($13.20 in chips) 
Vlao: posts small blind $0.05
skems123: posts big blind $0.10
*** HOLE CARDS ***
namemattbark: folds 
0nix770: folds 
nocando012: folds 
Vlao: folds 
Uncalled bet ($0.05) returned to skems123
skems123 collected $0.10 from pot
skems123: doesn't show hand 
*** SUMMARY ***
Total pot $0.10 | Rake $0 
Seat 1: skems123 (big blind) collected ($0.10)
Seat 3: namemattbark folded before Flop (didn't bet)
Seat 4: 0nix770 folded before Flop (didn't bet)
Seat 5: nocando012 (button) folded before Flop (didn't bet)
Seat 6: Vlao (small blind) folded before Flop



PokerStars Hand #222943917198:  Hold'em No Limit ($0.05/$0.10 USD) - 2021/01/23 23:20:40 ET
Table 'Rosamunde III' 6-max Seat #6 is the button
Seat 1: skems123 ($10.79 in chips) 
Seat 3: namemattbark ($11.01 in chips) 
Seat 4: 0nix770 ($10 in chips) 
Seat 5: nocando012 ($10.14 in chips) 
Seat 6: Vlao ($13.15 in chips) 
skems123: posts small blind $0.05
namemattbark: posts big blind $0.10
*** HOLE CARDS ***
0nix770: folds 
nocando012: folds 
Vlao: folds 
skems123: folds 
Uncalled bet ($0.05) returned to namemattbark
namemattbark collected $0.10 from pot
namemattbark: doesn't show hand 
*** SUMMARY ***
Total pot $0.10 | Rake $0 
Seat 1: skems123 (small blind) folded before Flop
Seat 3: namemattbark (big blind) collected ($0.10)
Seat 4: 0nix770 folded before Flop (didn't bet)
Seat 5: nocando012 folded before Flop (didn't bet)
Seat 6: Vlao (button) folded before Flop (didn't bet)



PokerStars Hand #222943922947:  Hold'em No Limit ($0.05/$0.10 USD) - 2021/01/23 23:20:58 ET
Table 'Rosamunde III' 6-max Seat #1 is the button
Seat 1: skems123 ($10.74 in chips) 
Seat 3: namemattbark ($11.06 in chips) 
Seat 4: 0nix770 ($10 in chips) 
Seat 5: nocando012 ($10.14 in chips) 
Seat 6: Vlao ($13.15 in chips) 
namemattbark: posts small blind $0.05
0nix770: posts big blind $0.10
*** HOLE CARDS ***
nocando012: folds 
Vlao: folds 
skems123: raises $0.15 to $0.25
namemattbark: folds 
0nix770: folds 
Uncalled bet ($0.15) returned to skems123
skems123 collected $0.25 from pot
skems123: doesn't show hand 
*** SUMMARY ***
Total pot $0.25 | Rake $0 
Seat 1: skems123 (button) collected ($0.25)
Seat 3: namemattbark (small blind) folded before Flop
Seat 4: 0nix770 (big blind) folded before Flop
Seat 5: nocando012 folded before Flop (didn't bet)
Seat 6: Vlao folded before Flop (didn't bet)



PokerStars Hand #222943926056:  Hold'em No Limit ($0.05/$0.10 USD) - 2021/01/23 23:21:08 ET
Table 'Rosamunde III' 6-max Seat #3 is the button
Seat 1: skems123 ($10.89 in chips) 
Seat 3: namemattbark ($11.01 in chips) 
Seat 4: 0nix770 ($10 in chips) 
Seat 5: nocando012 ($10.14 in chips) 
Seat 6: Vlao ($13.15 in chips) 
0nix770: posts small blind $0.05
nocando012: posts big blind $0.10
*** HOLE CARDS ***
Vlao: folds 
skems123: folds 
namemattbark: folds 
0nix770: raises $0.20 to $0.30
nocando012: calls $0.20
*** FLOP *** [5h 5c Js]
0nix770: checks 
nocando012: checks 
*** TURN *** [5h 5c Js] [2c]
0nix770: bets $0.31
nocando012: calls $0.31
*** RIVER *** [5h 5c Js 2c] [Jd]
0nix770: bets $1.30
nocando012: folds 
Uncalled bet ($1.30) returned to 0nix770
0nix770 collected $1.17 from pot
0nix770: doesn't show hand 
*** SUMMARY ***
Total pot $1.22 | Rake $0.05 
Board [5h 5c Js 2c Jd]
Seat 1: skems123 folded before Flop (didn't bet)
Seat 3: namemattbark (button) folded before Flop (didn't bet)
Seat 4: 0nix770 (small blind) collected ($1.17)
Seat 5: nocando012 (big blind) folded on the River
Seat 6: Vlao folded before Flop (didn't bet)



PokerStars Hand #222943941895:  Hold'em No Limit ($0.05/$0.10 USD) - 2021/01/23 23:21:58 ET
Table 'Rosamunde III' 6-max Seat #4 is the button
Seat 1: skems123 ($10.89 in chips) 
Seat 3: namemattbark ($11.01 in chips) 
Seat 4: 0nix770 ($10.56 in chips) 
Seat 5: nocando012 ($9.53 in chips) 
Seat 6: Vlao ($13.15 in chips) 
nocando012: posts small blind $0.05
Vlao: posts big blind $0.10
*** HOLE CARDS ***
skems123: folds 
namemattbark: folds 
0nix770: folds 
nocando012: raises $0.20 to $0.30
Vlao: calls $0.20
*** FLOP *** [Jc Kh 3d]
nocando012: checks 
Vlao: checks 
*** TURN *** [Jc Kh 3d] [8h]
nocando012: bets $0.28
Vlao: calls $0.28
*** RIVER *** [Jc Kh 3d 8h] [2h]
nocando012: checks 
Vlao: checks 
*** SHOW DOWN ***
nocando012: shows [6s 6d] (a pair of Sixes)
Vlao: mucks hand 
nocando012 collected $1.11 from pot
*** SUMMARY ***
Total pot $1.16 | Rake $0.05 
Board [Jc Kh 3d 8h 2h]
Seat 1: skems123 folded before Flop (didn't bet)
Seat 3: namemattbark folded before Flop (didn't bet)
Seat 4: 0nix770 (button) folded before Flop (didn't bet)
Seat 5: nocando012 (small blind) showed [6s 6d] and won ($1.11) with a pair of Sixes
Seat 6: Vlao (big blind) mucked



PokerStars Hand #222943956039:  Hold'em No Limit ($0.05/$0.10 USD) - 2021/01/23 23:22:42 ET
Table 'Rosamunde III' 6-max Seat #5 is the button
Seat 1: skems123 ($10.89 in chips) 
Seat 3: namemattbark ($11.01 in chips) 
Seat 4: 0nix770 ($10.56 in chips) 
Seat 5: nocando012 ($10.06 in chips) 
Seat 6: Vlao ($12.57 in chips) 
Vlao: posts small blind $0.05
skems123: posts big blind $0.10
*** HOLE CARDS ***
namemattbark: folds 
0nix770: folds 
nocando012: folds 
Vlao: folds 
Uncalled bet ($0.05) returned to skems123
skems123 collected $0.10 from pot
skems123: doesn't show hand 
*** SUMMARY ***
Total pot $0.10 | Rake $0 
Seat 1: skems123 (big blind) collected ($0.10)
Seat 3: namemattbark folded before Flop (didn't bet)
Seat 4: 0nix770 folded before Flop (didn't bet)
Seat 5: nocando012 (button) folded before Flop (didn't bet)
Seat 6: Vlao (small blind) folded before Flop



PokerStars Hand #222943960497:  Hold'em No Limit ($0.05/$0.10 USD) - 2021/01/23 23:22:56 ET
Table 'Rosamunde III' 6-max Seat #6 is the button
Seat 1: skems123 ($10.94 in chips) 
Seat 3: namemattbark ($11.01 in chips) 
Seat 4: 0nix770 ($10.56 in chips) 
Seat 5: nocando012 ($10.06 in chips) 
Seat 6: Vlao ($12.52 in chips) 
skems123: posts small blind $0.05
namemattbark: posts big blind $0.10
*** HOLE CARDS ***
0nix770: folds 
nocando012: folds 
Vlao: folds 
skems123: raises $0.20 to $0.30
namemattbark: calls $0.20
*** FLOP *** [8s Th 8h]
skems123: checks 
namemattbark: checks 
*** TURN *** [8s Th 8h] [5h]
skems123: checks 
namemattbark: checks 
*** RIVER *** [8s Th 8h 5h] [Ac]
skems123: bets $0.29
namemattbark: folds 
Uncalled bet ($0.29) returned to skems123
skems123 collected $0.57 from pot
skems123: doesn't show hand 
*** SUMMARY ***
Total pot $0.60 | Rake $0.03 
Board [8s Th 8h 5h Ac]
Seat 1: skems123 (small blind) collected ($0.57)
Seat 3: namemattbark (big blind) folded on the River
Seat 4: 0nix770 folded before Flop (didn't bet)
Seat 5: nocando012 folded before Flop (didn't bet)
Seat 6: Vlao (button) folded before Flop (didn't bet)



PokerStars Hand #222943973340:  Hold'em No Limit ($0.05/$0.10 USD) - 2021/01/23 23:23:36 ET
Table 'Rosamunde III' 6-max Seat #1 is the button
Seat 1: skems123 ($11.21 in chips) 
Seat 3: namemattbark ($10.71 in chips) 
Seat 5: nocando012 ($10.06 in chips) 
Seat 6: Vlao ($12.52 in chips) 
namemattbark: posts small blind $0.05
0nix770: is sitting out 
0nix770 leaves the table
nocando012: posts big blind $0.10
*** HOLE CARDS ***
Vlao: folds 
skems123: folds 
namemattbark: calls $0.05
nocando012: checks 
*** FLOP *** [6s 2h 8c]
namemattbark: bets $0.14
nocando012: calls $0.14
*** TURN *** [6s 2h 8c] [9s]
namemattbark: bets $0.25
nocando012: folds 
Uncalled bet ($0.25) returned to namemattbark
namemattbark collected $0.46 from pot
namemattbark: doesn't show hand 
*** SUMMARY ***
Total pot $0.48 | Rake $0.02 
Board [6s 2h 8c 9s]
Seat 1: skems123 (button) folded before Flop (didn't bet)
Seat 3: namemattbark (small blind) collected ($0.46)
Seat 5: nocando012 (big blind) folded on the Turn
Seat 6: Vlao folded before Flop (didn't bet)



PokerStars Hand #222943979943:  Hold'em No Limit ($0.05/$0.10 USD) - 2021/01/23 23:23:57 ET
Table 'Rosamunde III' 6-max Seat #3 is the button
Seat 1: skems123 ($11.21 in chips) 
Seat 3: namemattbark ($10.93 in chips) 
Seat 5: nocando012 ($9.82 in chips) 
Seat 6: Vlao ($12.52 in chips) 
nocando012: posts small blind $0.05
Vlao: posts big blind $0.10
*** HOLE CARDS ***
skems123: folds 
namemattbark: folds 
nocando012: folds 
Uncalled bet ($0.05) returned to Vlao
Vlao collected $0.10 from pot
*** SUMMARY ***
Total pot $0.10 | Rake $0 
Seat 1: skems123 folded before Flop (didn't bet)
Seat 3: namemattbark (button) folded before Flop (didn't bet)
Seat 5: nocando012 (small blind) folded before Flop
Seat 6: Vlao (big blind) collected ($0.10)



PokerStars Hand #222943982022:  Hold'em No Limit ($0.05/$0.10 USD) - 2021/01/23 23:24:03 ET
Table 'Rosamunde III' 6-max Seat #5 is the button
Seat 1: skems123 ($11.21 in chips) 
Seat 3: namemattbark ($10.93 in chips) 
Seat 5: nocando012 ($9.77 in chips) 
Seat 6: Vlao ($12.57 in chips) 
Vlao: posts small blind $0.05
skems123: posts big blind $0.10
*** HOLE CARDS ***
namemattbark: raises $0.13 to $0.23
nocando012: folds 
Vlao: folds 
skems123: calls $0.13
*** FLOP *** [Ts Ac Ks]
skems123: checks 
namemattbark: checks 
*** TURN *** [Ts Ac Ks] [Jd]
skems123: checks 
namemattbark: checks 
*** RIVER *** [Ts Ac Ks Jd] [Js]
skems123: checks 
namemattbark: bets $0.19
skems123: folds 
Uncalled bet ($0.19) returned to namemattbark
namemattbark collected $0.49 from pot
namemattbark: doesn't show hand 
*** SUMMARY ***
Total pot $0.51 | Rake $0.02 
Board [Ts Ac Ks Jd Js]
Seat 1: skems123 (big blind) folded on the River
Seat 3: namemattbark collected ($0.49)
Seat 5: nocando012 (button) folded before Flop (didn't bet)
Seat 6: Vlao (small blind) folded before Flop



PokerStars Hand #222943993947:  Hold'em No Limit ($0.05/$0.10 USD) - 2021/01/23 23:24:41 ET
Table 'Rosamunde III' 6-max Seat #6 is the button
Seat 1: skems123 ($10.98 in chips) 
Seat 3: namemattbark ($11.19 in chips) 
Seat 5: nocando012 ($9.77 in chips) 
Seat 6: Vlao ($12.52 in chips) 
skems123: posts small blind $0.05
namemattbark: posts big blind $0.10
*** HOLE CARDS ***
nocando012: folds 
Vlao: folds 
skems123: folds 
Uncalled bet ($0.05) returned to namemattbark
namemattbark collected $0.10 from pot
namemattbark: doesn't show hand 
*** SUMMARY ***
Total pot $0.10 | Rake $0 
Seat 1: skems123 (small blind) folded before Flop
Seat 3: namemattbark (big blind) collected ($0.10)
Seat 5: nocando012 folded before Flop (didn't bet)
Seat 6: Vlao (button) folded before Flop (didn't bet)



PokerStars Hand #222943997210:  Hold'em No Limit ($0.05/$0.10 USD) - 2021/01/23 23:24:51 ET
Table 'Rosamunde III' 6-max Seat #1 is the button
Seat 1: skems123 ($10.93 in chips) 
Seat 3: namemattbark ($11.24 in chips) 
Seat 5: nocando012 ($9.77 in chips) 
Seat 6: Vlao ($12.52 in chips) 
namemattbark: posts small blind $0.05
nocando012: posts big blind $0.10
*** HOLE CARDS ***
Vlao: folds 
skems123: folds 
namemattbark: folds 
Uncalled bet ($0.05) returned to nocando012
nocando012 collected $0.10 from pot
nocando012: doesn't show hand 
*** SUMMARY ***
Total pot $0.10 | Rake $0 
Seat 1: skems123 (button) folded before Flop (didn't bet)
Seat 3: namemattbark (small blind) folded before Flop
Seat 5: nocando012 (big blind) collected ($0.10)
Seat 6: Vlao folded before Flop (didn't bet)



PokerStars Hand #222944000209:  Hold'em No Limit ($0.05/$0.10 USD) - 2021/01/23 23:25:00 ET
Table 'Rosamunde III' 6-max Seat #3 is the button
Seat 1: skems123 ($10.93 in chips) 
Seat 3: namemattbark ($11.19 in chips) 
Seat 5: nocando012 ($9.82 in chips) 
Seat 6: Vlao ($12.52 in chips) 
nocando012: posts small blind $0.05
Vlao: posts big blind $0.10
*** HOLE CARDS ***
skems123: folds 
namemattbark: folds 
nocando012: calls $0.05
Vlao: checks 
*** FLOP *** [Kh 4s 5h]
nocando012: bets $0.10
Vlao: folds 
Uncalled bet ($0.10) returned to nocando012
nocando012 collected $0.19 from pot
nocando012: doesn't show hand 
*** SUMMARY ***
Total pot $0.20 | Rake $0.01 
Board [Kh 4s 5h]
Seat 1: skems123 folded before Flop (didn't bet)
Seat 3: namemattbark (button) folded before Flop (didn't bet)
Seat 5: nocando012 (small blind) collected ($0.19)
Seat 6: Vlao (big blind) folded on the Flop



PokerStars Hand #222944012846:  Hold'em No Limit ($0.05/$0.10 USD) - 2021/01/23 23:25:40 ET
Table 'Rosamunde III' 6-max Seat #5 is the button
Seat 1: skems123 ($10.93 in chips) 
Seat 3: namemattbark ($11.19 in chips) 
Seat 5: nocando012 ($9.91 in chips) 
Seat 6: Vlao ($12.42 in chips) 
Vlao: posts small blind $0.05
skems123: posts big blind $0.10
*** HOLE CARDS ***
namemattbark: raises $0.13 to $0.23
nocando012: folds 
Vlao: folds 
skems123: calls $0.13
*** FLOP *** [7d Jc Ts]
skems123: checks 
namemattbark: checks 
*** TURN *** [7d Jc Ts] [Qc]
skems123: checks 
namemattbark: bets $0.27
skems123: calls $0.27
*** RIVER *** [7d Jc Ts Qc] [Qs]
skems123: checks 
namemattbark: bets $0.75
skems123: calls $0.75
*** SHOW DOWN ***
namemattbark: shows [As Qd] (three of a kind, Queens)
skems123: shows [9h 8d] (a straight, Eight to Queen)
skems123 collected $2.44 from pot
*** SUMMARY ***
Total pot $2.55 | Rake $0.11 
Board [7d Jc Ts Qc Qs]
Seat 1: skems123 (big blind) showed [9h 8d] and won ($2.44) with a straight, Eight to Queen
Seat 3: namemattbark showed [As Qd] and lost with three of a kind, Queens
Seat 5: nocando012 (button) folded before Flop (didn't bet)
Seat 6: Vlao (small blind) folded before Flop



PokerStars Hand #222944029417:  Hold'em No Limit ($0.05/$0.10 USD) - 2021/01/23 23:26:33 ET
Table 'Rosamunde III' 6-max Seat #6 is the button
Seat 1: skems123 ($12.12 in chips) 
Seat 3: namemattbark ($9.94 in chips) 
Seat 5: nocando012 ($9.91 in chips) 
Seat 6: Vlao ($12.37 in chips) 
skems123: posts small blind $0.05
namemattbark: posts big blind $0.10
*** HOLE CARDS ***
nocando012: calls $0.10
Vlao: folds 
skems123: folds 
namemattbark: checks 
*** FLOP *** [5s 5h Tc]
namemattbark: checks 
nocando012: checks 
*** TURN *** [5s 5h Tc] [Jh]
namemattbark: checks 
nocando012: checks 
*** RIVER *** [5s 5h Tc Jh] [As]
namemattbark: checks 
nocando012: checks 
*** SHOW DOWN ***
namemattbark: shows [2h 4d] (a pair of Fives)
nocando012: shows [Ah 2c] (two pair, Aces and Fives)
nocando012 collected $0.24 from pot
RohanV was removed from the table for failing to post
RohanV leaves the table
*** SUMMARY ***
Total pot $0.25 | Rake $0.01 
Board [5s 5h Tc Jh As]
Seat 1: skems123 (small blind) folded before Flop
Seat 3: namemattbark (big blind) showed [2h 4d] and lost with a pair of Fives
Seat 5: nocando012 showed [Ah 2c] and won ($0.24) with two pair, Aces and Fives
Seat 6: Vlao (button) folded before Flop (didn't bet)



PokerStars Hand #222944041408:  Hold'em No Limit ($0.05/$0.10 USD) - 2021/01/23 23:27:11 ET
Table 'Rosamunde III' 6-max Seat #1 is the button
Seat 1: skems123 ($12.07 in chips) 
Seat 3: namemattbark ($9.84 in chips) 
Seat 5: nocando012 ($10.05 in chips) 
Seat 6: Vlao ($12.37 in chips) 
namemattbark: posts small blind $0.05
nocando012: posts big blind $0.10
*** HOLE CARDS ***
Vlao: folds 
skems123: folds 
namemattbark: folds 
Uncalled bet ($0.05) returned to nocando012
nocando012 collected $0.10 from pot
nocando012: doesn't show hand 
*** SUMMARY ***
Total pot $0.10 | Rake $0 
Seat 1: skems123 (button) folded before Flop (didn't bet)
Seat 3: namemattbark (small blind) folded before Flop
Seat 5: nocando012 (big blind) collected ($0.10)
Seat 6: Vlao folded before Flop (didn't bet)



PokerStars Hand #222944045140:  Hold'em No Limit ($0.05/$0.10 USD) - 2021/01/23 23:27:23 ET
Table 'Rosamunde III' 6-max Seat #3 is the button
Seat 1: skems123 ($12.07 in chips) 
Seat 3: namemattbark ($9.79 in chips) 
Seat 5: nocando012 ($10.10 in chips) 
Seat 6: Vlao ($12.37 in chips) 
nocando012: posts small blind $0.05
Vlao: posts big blind $0.10
*** HOLE CARDS ***
skems123: folds 
namemattbark: raises $0.13 to $0.23
nocando012: calls $0.18
Vlao: calls $0.13
*** FLOP *** [3h 7d 3c]
nocando012: bets $0.33
Vlao: folds 
namemattbark: folds 
Uncalled bet ($0.33) returned to nocando012
nocando012 collected $0.66 from pot
nocando012: doesn't show hand 
*** SUMMARY ***
Total pot $0.69 | Rake $0.03 
Board [3h 7d 3c]
Seat 1: skems123 folded before Flop (didn't bet)
Seat 3: namemattbark (button) folded on the Flop
Seat 5: nocando012 (small blind) collected ($0.66)
Seat 6: Vlao (big blind) folded on the Flop



PokerStars Hand #222944056695:  Hold'em No Limit ($0.05/$0.10 USD) - 2021/01/23 23:28:00 ET
Table 'Rosamunde III' 6-max Seat #5 is the button
Seat 1: skems123 ($12.07 in chips) 
Seat 3: namemattbark ($9.56 in chips) 
Seat 5: nocando012 ($10.53 in chips) 
Seat 6: Vlao ($12.14 in chips) 
Vlao: posts small blind $0.05
skems123: posts big blind $0.10
*** HOLE CARDS ***
namemattbark: raises $0.13 to $0.23
nocando012: folds 
Vlao: raises $0.77 to $1
skems123: folds 
namemattbark: calls $0.77
*** FLOP *** [Kh 3c 9c]
Vlao: bets $1.59
namemattbark: calls $1.59
*** TURN *** [Kh 3c 9c] [4d]
Vlao: bets $8.10
namemattbark: folds 
Uncalled bet ($8.10) returned to Vlao
Vlao collected $5.04 from pot
*** SUMMARY ***
Total pot $5.28 | Rake $0.24 
Board [Kh 3c 9c 4d]
Seat 1: skems123 (big blind) folded before Flop
Seat 3: namemattbark folded on the Turn
Seat 5: nocando012 (button) folded before Flop (didn't bet)
Seat 6: Vlao (small blind) collected ($5.04)



PokerStars Hand #222944070717:  Hold'em No Limit ($0.05/$0.10 USD) - 2021/01/23 23:28:46 ET
Table 'Rosamunde III' 6-max Seat #6 is the button
Seat 1: skems123 ($11.97 in chips) 
Seat 3: namemattbark ($6.97 in chips) 
Seat 5: nocando012 ($10.53 in chips) 
Seat 6: Vlao ($14.59 in chips) 
skems123: posts small blind $0.05
namemattbark: posts big blind $0.10
*** HOLE CARDS ***
nocando012: raises $0.10 to $0.20
Vlao: folds 
skems123: folds 
namemattbark: folds 
Uncalled bet ($0.10) returned to nocando012
nocando012 collected $0.25 from pot
nocando012: doesn't show hand 
*** SUMMARY ***
Total pot $0.25 | Rake $0 
Seat 1: skems123 (small blind) folded before Flop
Seat 3: namemattbark (big blind) folded before Flop
Seat 5: nocando012 collected ($0.25)
Seat 6: Vlao (button) folded before Flop (didn't bet)



PokerStars Hand #222944074008:  Hold'em No Limit ($0.05/$0.10 USD) - 2021/01/23 23:28:56 ET
Table 'Rosamunde III' 6-max Seat #1 is the button
Seat 1: skems123 ($11.92 in chips) 
Seat 3: namemattbark ($10 in chips) 
Seat 5: nocando012 ($10.68 in chips) 
Seat 6: Vlao ($14.59 in chips) 
namemattbark: posts small blind $0.05
nocando012: posts big blind $0.10
*** HOLE CARDS ***
Vlao: folds 
skems123: folds 
namemattbark: raises $0.30 to $0.40
nocando012: folds 
Uncalled bet ($0.30) returned to namemattbark
namemattbark collected $0.20 from pot
namemattbark: doesn't show hand 
*** SUMMARY ***
Total pot $0.20 | Rake $0 
Seat 1: skems123 (button) folded before Flop (didn't bet)
Seat 3: namemattbark (small blind) collected ($0.20)
Seat 5: nocando012 (big blind) folded before Flop
Seat 6: Vlao folded before Flop (didn't bet)



PokerStars Hand #222944077186:  Hold'em No Limit ($0.05/$0.10 USD) - 2021/01/23 23:29:06 ET
Table 'Rosamunde III' 6-max Seat #3 is the button
Seat 1: skems123 ($11.92 in chips) 
Seat 3: namemattbark ($10.10 in chips) 
Seat 5: nocando012 ($10.58 in chips) 
Seat 6: Vlao ($14.59 in chips) 
nocando012: posts small blind $0.05
Vlao: posts big blind $0.10
*** HOLE CARDS ***
skems123: folds 
namemattbark: calls $0.10
nocando012: folds 
Vlao: checks 
*** FLOP *** [Jc Tc 9h]
Vlao: bets $0.19
namemattbark: calls $0.19
*** TURN *** [Jc Tc 9h] [4d]
Vlao: bets $0.47
namemattbark: folds 
Uncalled bet ($0.47) returned to Vlao
Vlao collected $0.60 from pot
*** SUMMARY ***
Total pot $0.63 | Rake $0.03 
Board [Jc Tc 9h 4d]
Seat 1: skems123 folded before Flop (didn't bet)
Seat 3: namemattbark (button) folded on the Turn
Seat 5: nocando012 (small blind) folded before Flop
Seat 6: Vlao (big blind) collected ($0.60)



PokerStars Hand #222944087043:  Hold'em No Limit ($0.05/$0.10 USD) - 2021/01/23 23:29:38 ET
Table 'Rosamunde III' 6-max Seat #5 is the button
Seat 1: skems123 ($11.92 in chips) 
Seat 3: namemattbark ($9.81 in chips) 
Seat 5: nocando012 ($10.53 in chips) 
Seat 6: Vlao ($14.90 in chips) 
Vlao: posts small blind $0.05
skems123: posts big blind $0.10
*** HOLE CARDS ***
namemattbark: folds 
nocando012: folds 
Vlao: folds 
Uncalled bet ($0.05) returned to skems123
skems123 collected $0.10 from pot
skems123: doesn't show hand 
*** SUMMARY ***
Total pot $0.10 | Rake $0 
Seat 1: skems123 (big blind) collected ($0.10)
Seat 3: namemattbark folded before Flop (didn't bet)
Seat 5: nocando012 (button) folded before Flop (didn't bet)
Seat 6: Vlao (small blind) folded before Flop



PokerStars Hand #222944089285:  Hold'em No Limit ($0.05/$0.10 USD) - 2021/01/23 23:29:46 ET
Table 'Rosamunde III' 6-max Seat #6 is the button
Seat 1: skems123 ($11.97 in chips) 
Seat 3: namemattbark ($9.81 in chips) 
Seat 5: nocando012 ($10.53 in chips) 
Seat 6: Vlao ($14.85 in chips) 
skems123: posts small blind $0.05
namemattbark: posts big blind $0.10
*** HOLE CARDS ***
nocando012: folds 
Vlao: folds 
skems123: folds 
Uncalled bet ($0.05) returned to namemattbark
namemattbark collected $0.10 from pot
namemattbark: doesn't show hand 
*** SUMMARY ***
Total pot $0.10 | Rake $0 
Seat 1: skems123 (small blind) folded before Flop
Seat 3: namemattbark (big blind) collected ($0.10)
Seat 5: nocando012 folded before Flop (didn't bet)
Seat 6: Vlao (button) folded before Flop (didn't bet)



PokerStars Hand #222944093091:  Hold'em No Limit ($0.05/$0.10 USD) - 2021/01/23 23:29:58 ET
Table 'Rosamunde III' 6-max Seat #1 is the button
Seat 1: skems123 ($11.92 in chips) 
Seat 3: namemattbark ($9.86 in chips) 
Seat 5: nocando012 ($10.53 in chips) 
Seat 6: Vlao ($14.85 in chips) 
namemattbark: posts small blind $0.05
nocando012: posts big blind $0.10
*** HOLE CARDS ***
Vlao: folds 
skems123: folds 
namemattbark: folds 
Uncalled bet ($0.05) returned to nocando012
nocando012 collected $0.10 from pot
nocando012: doesn't show hand 
*** SUMMARY ***
Total pot $0.10 | Rake $0 
Seat 1: skems123 (button) folded before Flop (didn't bet)
Seat 3: namemattbark (small blind) folded before Flop
Seat 5: nocando012 (big blind) collected ($0.10)
Seat 6: Vlao folded before Flop (didn't bet)



PokerStars Hand #222944095043:  Hold'em No Limit ($0.05/$0.10 USD) - 2021/01/23 23:30:04 ET
Table 'Rosamunde III' 6-max Seat #3 is the button
Seat 1: skems123 ($11.92 in chips) 
Seat 3: namemattbark ($9.81 in chips) 
Seat 5: nocando012 ($10.58 in chips) 
Seat 6: Vlao ($14.85 in chips) 
nocando012: posts small blind $0.05
Vlao: posts big blind $0.10
*** HOLE CARDS ***
skems123: folds 
namemattbark: folds 
nocando012: calls $0.05
Vlao: checks 
*** FLOP *** [Th 8s 9c]
nocando012: bets $0.10
Vlao: folds 
Uncalled bet ($0.10) returned to nocando012
nocando012 collected $0.19 from pot
*** SUMMARY ***
Total pot $0.20 | Rake $0.01 
Board [Th 8s 9c]
Seat 1: skems123 folded before Flop (didn't bet)
Seat 3: namemattbark (button) folded before Flop (didn't bet)
Seat 5: nocando012 (small blind) collected ($0.19)
Seat 6: Vlao (big blind) folded on the Flop



PokerStars Hand #222944100074:  Hold'em No Limit ($0.05/$0.10 USD) - 2021/01/23 23:30:20 ET
Table 'Rosamunde III' 6-max Seat #5 is the button
Seat 3: namemattbark ($9.81 in chips) 
Seat 5: nocando012 ($10.67 in chips) 
Seat 6: Vlao ($14.75 in chips) 
Vlao: posts small blind $0.05
skems123: is sitting out 
namemattbark: posts big blind $0.10
*** HOLE CARDS ***
nocando012: folds 
skems123 leaves the table
Vlao: folds 
Uncalled bet ($0.05) returned to namemattbark
namemattbark collected $0.10 from pot
namemattbark: doesn't show hand 
*** SUMMARY ***
Total pot $0.10 | Rake $0 
Seat 3: namemattbark (big blind) collected ($0.10)
Seat 5: nocando012 (button) folded before Flop (didn't bet)
Seat 6: Vlao (small blind) folded before Flop



PokerStars Hand #222944102414:  Hold'em No Limit ($0.05/$0.10 USD) - 2021/01/23 23:30:28 ET
Table 'Rosamunde III' 6-max Seat #6 is the button
Seat 3: namemattbark ($9.86 in chips) 
Seat 5: nocando012 ($10.67 in chips) 
Seat 6: Vlao ($14.70 in chips) 
namemattbark: posts small blind $0.05
nocando012: posts big blind $0.10
*** HOLE CARDS ***
Vlao: folds 
namemattbark: folds 
Uncalled bet ($0.05) returned to nocando012
nocando012 collected $0.10 from pot
nocando012: doesn't show hand 
*** SUMMARY ***
Total pot $0.10 | Rake $0 
Seat 3: namemattbark (small blind) folded before Flop
Seat 5: nocando012 (big blind) collected ($0.10)
Seat 6: Vlao (button) folded before Flop (didn't bet)



PokerStars Hand #222944111470:  Hold'em No Limit ($0.05/$0.10 USD) - 2021/01/23 23:30:50 ET
Table 'Rosamunde III' 6-max Seat #3 is the button
Seat 3: namemattbark ($9.81 in chips) 
Seat 5: nocando012 ($10.72 in chips) 
Seat 6: Vlao ($14.70 in chips) 
nocando012: posts small blind $0.05
Vlao: posts big blind $0.10
*** HOLE CARDS ***
namemattbark: folds 
nocando012: raises $0.10 to $0.20
namemattbark leaves the table
Vlao: folds 
Uncalled bet ($0.10) returned to nocando012
nocando012 collected $0.20 from pot
nocando012: doesn't show hand 
*** SUMMARY ***
Total pot $0.20 | Rake $0 
Seat 3: namemattbark (button) folded before Flop (didn't bet)
Seat 5: nocando012 (small blind) collected ($0.20)
Seat 6: Vlao (big blind) folded before Flop



PokerStars Hand #222944114377:  Hold'em No Limit ($0.05/$0.10 USD) - 2021/01/23 23:30:59 ET
Table 'Rosamunde III' 6-max Seat #6 is the button
Seat 5: nocando012 ($10.82 in chips) 
Seat 6: Vlao ($14.60 in chips) 
Vlao: posts small blind $0.05
nocando012: posts big blind $0.10
*** HOLE CARDS ***
Vlao: folds 
Uncalled bet ($0.05) returned to nocando012
nocando012 collected $0.10 from pot
nocando012: doesn't show hand 
*** SUMMARY ***
Total pot $0.10 | Rake $0 
Seat 5: nocando012 (big blind) collected ($0.10)
Seat 6: Vlao (button) (small blind) folded before Flop



PokerStars Hand #222944116454:  Hold'em No Limit ($0.05/$0.10 USD) - 2021/01/23 23:31:06 ET
Table 'Rosamunde III' 6-max Seat #5 is the button
Seat 5: nocando012 ($10.87 in chips) 
Seat 6: Vlao ($14.55 in chips) 
nocando012: posts small blind $0.05
Vlao: posts big blind $0.10
*** HOLE CARDS ***
nocando012: calls $0.05
Vlao: raises $0.30 to $0.40
nocando012: folds 
Uncalled bet ($0.30) returned to Vlao
Vlao collected $0.20 from pot
*** SUMMARY ***
Total pot $0.20 | Rake $0 
Seat 5: nocando012 (button) (small blind) folded before Flop
Seat 6: Vlao (big blind) collected ($0.20)



PokerStars Hand #222944120499:  Hold'em No Limit ($0.05/$0.10 USD) - 2021/01/23 23:31:19 ET
Table 'Rosamunde III' 6-max Seat #6 is the button
Seat 5: nocando012 ($10.77 in chips) 
Seat 6: Vlao ($14.65 in chips) 
Vlao: posts small blind $0.05
nocando012: posts big blind $0.10
*** HOLE CARDS ***
Vlao: raises $0.15 to $0.25
nocando012: folds 
Uncalled bet ($0.15) returned to Vlao
Vlao collected $0.20 from pot
*** SUMMARY ***
Total pot $0.20 | Rake $0 
Seat 5: nocando012 (big blind) folded before Flop
Seat 6: Vlao (button) (small blind) collected ($0.20)



PokerStars Hand #222944123345:  Hold'em No Limit ($0.05/$0.10 USD) - 2021/01/23 23:31:28 ET
Table 'Rosamunde III' 6-max Seat #5 is the button
Seat 5: nocando012 ($10.67 in chips) 
Seat 6: Vlao ($14.75 in chips) 
nocando012: posts small blind $0.05
Vlao: posts big blind $0.10
*** HOLE CARDS ***
nocando012: raises $0.10 to $0.20
Vlao: folds 
Uncalled bet ($0.10) returned to nocando012
nocando012 collected $0.20 from pot
nocando012: doesn't show hand 
*** SUMMARY ***
Total pot $0.20 | Rake $0 
Seat 5: nocando012 (button) (small blind) collected ($0.20)
Seat 6: Vlao (big blind) folded before Flop



PokerStars Hand #222944125774:  Hold'em No Limit ($0.05/$0.10 USD) - 2021/01/23 23:31:36 ET
Table 'Rosamunde III' 6-max Seat #6 is the button
Seat 5: nocando012 ($10.77 in chips) 
Seat 6: Vlao ($14.65 in chips) 
Vlao: posts small blind $0.05
nocando012: posts big blind $0.10
*** HOLE CARDS ***
Vlao: raises $0.15 to $0.25
nocando012: calls $0.15
*** FLOP *** [Qs 9c Jd]
nocando012: checks 
Vlao: checks 
*** TURN *** [Qs 9c Jd] [2s]
nocando012: checks 
Vlao: checks 
*** RIVER *** [Qs 9c Jd 2s] [Jh]
nocando012: bets $0.10
Vlao: calls $0.10
*** SHOW DOWN ***
nocando012: shows [6d Ad] (a pair of Jacks)
Vlao: shows [8s 9s] (two pair, Jacks and Nines)
Vlao collected $0.67 from pot
*** SUMMARY ***
Total pot $0.70 | Rake $0.03 
Board [Qs 9c Jd 2s Jh]
Seat 5: nocando012 (big blind) showed [6d Ad] and lost with a pair of Jacks
Seat 6: Vlao (button) (small blind) showed [8s 9s] and won ($0.67) with two pair, Jacks and Nines



PokerStars Hand #222944136162:  Hold'em No Limit ($0.05/$0.10 USD) - 2021/01/23 23:32:10 ET
Table 'Rosamunde III' 6-max Seat #5 is the button
Seat 5: nocando012 ($10.42 in chips) 
Seat 6: Vlao ($14.97 in chips) 
nocando012: posts small blind $0.05
Vlao: posts big blind $0.10
*** HOLE CARDS ***
nocando012: calls $0.05
Vlao: checks 
*** FLOP *** [8s 8d 8h]
Vlao: checks 
nocando012: bets $0.10
Vlao: calls $0.10
*** TURN *** [8s 8d 8h] [Jh]
Vlao: checks 
nocando012: checks 
*** RIVER *** [8s 8d 8h Jh] [3d]
Vlao: bets $0.25
nocando012: folds 
Uncalled bet ($0.25) returned to Vlao
Vlao collected $0.38 from pot
*** SUMMARY ***
Total pot $0.40 | Rake $0.02 
Board [8s 8d 8h Jh 3d]
Seat 5: nocando012 (button) (small blind) folded on the River
Seat 6: Vlao (big blind) collected ($0.38)



PokerStars Hand #222944145704:  Hold'em No Limit ($0.05/$0.10 USD) - 2021/01/23 23:32:41 ET
Table 'Rosamunde III' 6-max Seat #6 is the button
Seat 5: nocando012 ($10.22 in chips) 
Seat 6: Vlao ($15.15 in chips) 
Vlao: posts small blind $0.05
nocando012: posts big blind $0.10
*** HOLE CARDS ***
Vlao: folds 
Uncalled bet ($0.05) returned to nocando012
nocando012 collected $0.10 from pot
nocando012: doesn't show hand 
*** SUMMARY ***
Total pot $0.10 | Rake $0 
Seat 5: nocando012 (big blind) collected ($0.10)
Seat 6: Vlao (button) (small blind) folded before Flop



